TranID,Time,Price,Volume,SaleOrderVolume,BuyOrderVolume,Type,SaleOrderID,SaleOrderPrice,BuyOrderID,BuyOrderPrice
1,09:25:00,12.54,100,100,100,S,1,11.31,1,13.83
2,09:25:00,12.54,700,700,1000,B,2,11.31,2,13.83
3,09:25:00,12.54,300,500,1000,S,3,11.31,2,13.83
4,09:25:00,12.54,200,500,400,S,3,11.31,4,13.82
5,09:25:00,12.54,200,2000,400,S,5,11.31,4,13.82
6,09:25:00,12.54,1000,2000,1000,S,5,11.31,6,13.2
7,09:25:00,12.54,300,2000,300,S,5,11.31,7,13.2
8,09:25:00,12.54,500,2000,1800,S,5,11.31,8,13.2
9,09:25:00,12.54,900,900,1800,S,9,11.31,8,13.2
10,09:25:00,12.54,400,400,1800,B,10,11.44,8,13.2
11,09:25:00,12.54,200,400,200,B,11,11.44,11,13
12,09:25:00,12.54,200,400,1700,B,11,11.44,12,12.95
13,09:25:00,12.54,100,100,1700,B,13,11.95,12,12.95
14,09:25:00,12.54,100,100,1700,B,14,11.95,12,12.95
15,09:25:00,12.54,1200,1200,1700,S,15,12.46,12,12.95
16,09:25:00,12.54,100,51600,1700,S,16,12.49,12,12.95
17,09:25:00,12.54,200,51600,200,S,16,12.49,17,12.94
18,09:25:00,12.54,100,51600,100,S,16,12.49,18,12.94
19,09:25:00,12.54,100,51600,100,S,16,12.49,19,12.93
20,09:25:00,12.54,100,51600,100,S,16,12.49,20,12.93
21,09:25:00,12.54,100,51600,100,S,16,12.49,21,12.92
22,09:25:00,12.54,100,51600,100,B,16,12.49,22,12.92
23,09:25:00,12.54,200,51600,200,S,16,12.49,23,12.9
24,09:25:00,12.54,900,51600,900,S,16,12.49,24,12.82
25,09:25:00,12.54,400,51600,400,S,16,12.49,25,12.7
26,09:25:00,12.54,7200,51600,7200,S,16,12.49,26,12.67
27,09:25:00,12.54,3100,51600,3100,S,16,12.49,27,12.64
28,09:25:00,12.54,6000,51600,6000,S,16,12.49,28,12.64
29,09:25:00,12.54,400,51600,400,S,16,12.49,29,12.6
30,09:25:00,12.54,3000,51600,3000,S,16,12.49,30,12.59
31,09:25:00,12.54,1000,51600,1000,S,16,12.49,31,12.58
32,09:25:00,12.54,400,51600,400,S,16,12.49,32,12.58
33,09:25:00,12.54,2000,51600,2000,S,16,12.49,33,12.58
34,09:25:00,12.54,3000,51600,3000,S,16,12.49,34,12.58
35,09:25:00,12.54,2000,51600,2000,S,16,12.49,35,12.58
36,09:25:00,12.54,600,51600,600,B,16,12.49,36,12.58
37,09:25:00,12.54,2000,51600,2000,S,16,12.49,37,12.57
38,09:25:00,12.54,100,51600,100,S,16,12.49,38,12.57
39,09:25:00,12.54,100,51600,100,S,16,12.49,39,12.57
40,09:25:00,12.54,100,51600,100,S,16,12.49,40,12.57
41,09:25:00,12.54,700,51600,700,S,16,12.49,41,12.57
42,09:25:00,12.54,100,51600,100,S,16,12.49,42,12.57
43,09:25:00,12.54,200,51600,200,S,16,12.49,43,12.57
44,09:25:00,12.54,1000,51600,1000,S,16,12.49,44,12.57
45,09:25:00,12.54,5000,51600,5000,S,16,12.49,45,12.56
46,09:25:00,12.54,100,51600,100,S,16,12.49,46,12.56
47,09:25:00,12.54,1000,51600,1000,S,16,12.49,47,12.56
48,09:25:00,12.54,10000,51600,10000,S,16,12.49,48,12.56
49,09:25:00,12.54,200,51600,1000,S,16,12.49,49,12.55
50,09:25:00,12.54,300,300,1000,S,50,12.5,49,12.55
51,09:25:00,12.54,500,1000,1000,S,51,12.5,49,12.55
52,09:25:00,12.54,500,1000,3000,S,51,12.5,52,12.55
53,09:25:00,12.54,1000,1000,3000,S,53,12.5,52,12.55
54,09:25:00,12.54,1500,4800,3000,S,54,12.5,52,12.55
55,09:25:00,12.54,500,4800,500,S,54,12.5,55,12.55
56,09:25:00,12.54,1000,4800,1000,S,54,12.5,56,12.55
57,09:25:00,12.54,1800,4800,3000,S,54,12.5,57,12.55
58,09:25:00,12.54,500,500,3000,S,58,12.5,57,12.55
59,09:25:00,12.54,700,4800,3000,S,59,12.5,57,12.55
60,09:25:00,12.54,100,4800,100,S,59,12.5,60,12.55
61,09:25:00,12.54,4000,4800,10800,S,59,12.5,61,12.55
62,09:25:00,12.54,4400,4400,10800,B,62,12.51,61,12.55
63,09:25:00,12.54,500,500,10800,B,63,12.51,61,12.55
64,09:25:00,12.54,1000,1000,10800,B,64,12.53,61,12.55
65,09:25:00,12.54,900,3000,10800,B,65,12.53,61,12.55
66,09:25:00,12.54,500,3000,500,B,65,12.53,66,12.55
67,09:25:00,12.54,1600,3000,3000,S,65,12.53,67,12.54
68,09:25:00,12.54,400,400,3000,B,68,12.54,67,12.54
69,09:25:00,12.54,400,400,3000,S,69,12.54,67,12.54
70,09:30:00,12.54,600,3300,3000,S,70,12.54,67,12.54
71,09:30:00,12.54,200,3300,200,B,70,12.54,71,12.54
72,09:30:00,12.54,100,3300,100,B,70,12.54,72,12.54
73,09:30:00,12.54,2400,3300,3200,B,70,12.54,73,12.54
74,09:30:00,12.54,500,500,3200,B,74,12.54,73,12.54
75,09:30:00,12.54,300,2000,3200,B,75,12.54,73,12.54
76,09:30:00,12.54,1700,2000,8900,B,75,12.54,76,12.54
77,09:30:00,12.54,4000,4000,8900,B,77,12.54,76,12.54
78,09:30:00,12.54,1000,1000,8900,S,78,12.5,76,12.54
79,09:30:00,12.54,2200,10000,8900,S,79,12.54,76,12.54
80,09:30:00,12.54,400,10000,400,B,79,12.54,80,12.55
81,09:30:00,12.53,3000,4000,3000,S,81,12.52,81,12.53
82,09:30:00,12.53,1000,4000,10000,S,81,12.52,82,12.53
83,09:30:00,12.54,800,10000,800,B,79,12.54,83,12.57
84,09:30:00,12.54,400,10000,400,B,79,12.54,84,12.55
85,09:30:00,12.54,100,10000,100,B,79,12.54,85,12.55
86,09:30:00,12.53,4000,4000,10000,S,86,12.52,82,12.53
87,09:30:00,12.54,1200,10000,1200,B,79,12.54,87,12.55
88,09:30:00,12.53,800,800,10000,S,88,12.53,82,12.53
89,09:30:01,12.54,2800,10000,2800,B,79,12.54,89,12.54
90,09:30:01,12.53,1000,1000,10000,S,90,12.5,82,12.53
91,09:30:01,12.54,2100,10000,2800,B,79,12.54,91,12.55
92,09:30:01,12.54,100,100,2800,B,92,12.54,91,12.55
93,09:30:01,12.54,600,5500,2800,B,93,12.54,91,12.55
94,09:30:01,12.54,200,5500,200,B,93,12.54,94,12.54
95,09:30:01,12.54,100,5500,100,B,93,12.54,95,12.55
96,09:30:01,12.53,3200,10000,10000,S,96,12.53,82,12.53
97,09:30:01,12.53,5000,10000,5000,B,96,12.53,97,12.53
98,09:30:01,12.53,1800,10000,3000,B,96,12.53,98,12.53
99,09:30:01,12.54,200,5500,200,B,93,12.54,99,12.55
100,09:30:01,12.53,1200,3000,3000,S,100,12.52,98,12.53
101,09:30:01,12.52,1800,3000,3000,S,100,12.52,101,12.52
102,09:30:01,12.54,2300,5500,2300,B,93,12.54,102,12.54
103,09:30:01,12.54,400,5500,400,B,93,12.54,103,12.55
104,09:30:01,12.54,1700,5500,4000,B,93,12.54,104,12.54
105,09:30:01,12.54,800,800,4000,B,105,12.54,104,12.54
106,09:30:01,12.54,1500,3900,4000,B,106,12.54,104,12.54
107,09:30:01,12.54,100,3900,100,B,106,12.54,107,12.54
108,09:30:02,12.54,2300,3900,2400,B,106,12.54,108,12.54
109,09:30:02,12.54,100,1000,2400,B,109,12.54,108,12.54
110,09:30:02,12.54,900,1000,1900,B,109,12.54,110,12.54
111,09:30:02,12.54,1000,20200,1900,B,111,12.54,110,12.54
112,09:30:02,12.53,500,1000,500,S,112,12.5,112,12.53
113,09:30:02,12.53,500,1000,500,S,112,12.5,113,12.53
114,09:30:02,12.53,1100,1100,3200,S,114,12.53,114,12.53
115,09:30:03,12.54,100,20200,100,B,111,12.54,115,12.55
116,09:30:03,12.54,100,20200,100,B,111,12.54,116,12.54
117,09:30:03,12.54,1700,20200,1700,B,111,12.54,117,12.55
118,09:30:03,12.54,100,20200,100,B,111,12.54,118,12.54
119,09:30:03,12.53,1000,1000,3200,S,119,12.53,114,12.53
120,09:30:03,12.54,100,20200,100,B,111,12.54,120,12.54
121,09:30:03,12.53,1100,2600,3200,S,121,12.53,114,12.53
122,09:30:03,12.53,500,2600,500,S,121,12.53,122,12.53
123,09:30:03,12.53,500,2600,500,B,121,12.53,123,12.54
124,09:30:04,12.52,100,100,3000,S,124,12.3,101,12.52
125,09:30:04,12.53,500,2600,1000,B,121,12.53,125,12.53
126,09:30:04,12.53,500,2900,1000,B,126,12.53,125,12.53
127,09:30:04,12.52,1100,3000,3000,S,127,12.52,101,12.52
128,09:30:04,12.52,1900,3000,10000,S,127,12.52,128,12.52
129,09:30:04,12.53,1000,2900,1000,B,126,12.53,129,12.53
130,09:30:05,12.53,1400,2900,1400,B,126,12.53,130,12.57
131,09:30:05,12.53,3900,3900,5400,B,131,12.53,131,12.55
132,09:30:05,12.54,1500,20200,5400,B,111,12.54,131,12.55
133,09:30:06,12.53,900,900,1000,B,133,12.53,133,12.54
134,09:30:06,12.54,100,20200,1000,B,111,12.54,133,12.54
135,09:30:06,12.54,200,20200,200,B,111,12.54,135,12.54
136,09:30:06,12.54,100,20200,100,B,111,12.54,136,12.54
137,09:30:10,12.54,2200,20200,2200,B,111,12.54,137,12.55
138,09:30:10,12.54,100,20200,100,B,111,12.54,138,12.54
139,09:30:11,12.54,100,20200,100,B,111,12.54,139,12.54
140,09:30:11,12.53,100,100,100,B,140,12.53,140,12.53
141,09:30:12,12.52,100,100,10000,S,141,12.52,128,12.52
142,09:30:14,12.52,100,100,10000,S,142,12.52,128,12.52
143,09:30:14,12.52,100,100,10000,S,143,12.52,128,12.52
144,09:30:14,12.52,6100,6100,10000,S,144,12.52,128,12.52
145,09:30:17,12.54,2000,20200,2000,B,111,12.54,145,12.55
146,09:30:17,12.53,500,500,5400,S,146,12.52,146,12.53
147,09:30:18,12.53,300,300,5400,S,147,12.52,146,12.53
148,09:30:19,12.54,100,20200,100,B,111,12.54,148,12.54
149,09:30:20,12.53,4600,33300,5400,S,149,12.52,146,12.53
150,09:30:20,12.53,100,33300,100,S,149,12.52,150,12.53
151,09:30:20,12.53,400,33300,400,S,149,12.52,151,12.53
152,09:30:20,12.53,100,33300,100,S,149,12.52,152,12.53
153,09:30:20,12.52,1700,33300,10000,S,149,12.52,128,12.52
154,09:30:20,12.52,1200,33300,1200,S,149,12.52,154,12.52
155,09:30:20,12.52,1600,33300,1600,S,149,12.52,155,12.52
156,09:30:20,12.52,1000,33300,1000,S,149,12.52,156,12.52
157,09:30:20,12.52,20000,33300,20000,S,149,12.52,157,12.52
158,09:30:20,12.52,200,33300,200,S,149,12.52,158,12.52
159,09:30:20,12.52,100,33300,100,S,149,12.52,159,12.52
160,09:30:20,12.52,400,33300,400,S,149,12.52,160,12.52
161,09:30:20,12.52,100,33300,100,S,149,12.52,161,12.52
162,09:30:20,12.52,100,33300,100,S,149,12.52,162,12.52
163,09:30:20,12.52,100,33300,100,S,149,12.52,163,12.52
164,09:30:20,12.52,100,33300,100,S,149,12.52,164,12.52
165,09:30:20,12.52,1500,33300,2000,S,149,12.52,165,12.52
166,09:30:20,12.54,2300,20200,2300,B,111,12.54,166,12.54
167,09:30:21,12.52,500,29000,2000,S,167,12.52,165,12.52
168,09:30:21,12.52,100,29000,100,B,167,12.52,168,12.52
169,09:30:23,12.52,3000,29000,3000,B,167,12.52,169,12.53
170,09:30:23,12.52,100,29000,100,B,167,12.52,170,12.52
171,09:30:23,12.52,300,29000,300,B,167,12.52,171,12.52
172,09:30:23,12.52,400,29000,400,B,167,12.52,172,12.53
173,09:30:24,12.52,2000,29000,2000,B,167,12.52,173,12.52
174,09:30:26,12.51,100,3000,100,S,174,12.51,174,12.51
175,09:30:26,12.51,2900,3000,5200,S,174,12.51,175,12.51
176,09:30:26,12.52,200,29000,200,B,167,12.52,176,12.53
177,09:30:27,12.52,4000,29000,4000,B,167,12.52,177,12.52
178,09:30:27,12.52,200,29000,200,B,167,12.52,178,12.52
179,09:30:29,12.52,500,29000,500,B,167,12.52,179,12.52
180,09:30:29,12.52,3300,29000,3300,B,167,12.52,180,12.52
181,09:30:29,12.52,2000,29000,2000,B,167,12.52,181,12.52
182,09:30:29,12.52,300,29000,300,B,167,12.52,182,12.52
183,09:30:30,12.51,200,200,5200,S,183,12.47,175,12.51
184,09:30:30,12.52,700,29000,700,B,167,12.52,184,12.52
185,09:30:31,12.52,300,29000,300,B,167,12.52,185,12.52
186,09:30:31,12.52,900,29000,900,B,167,12.52,186,12.52
187,09:30:31,12.52,800,29000,800,B,167,12.52,187,12.52
188,09:30:32,12.52,9400,29000,12300,B,167,12.52,188,12.52
189,09:30:32,12.52,400,400,12300,B,189,12.52,188,12.52
190,09:30:32,12.52,100,100,12300,B,190,12.52,188,12.52
191,09:30:32,12.52,100,100,12300,B,191,12.52,188,12.52
192,09:30:32,12.52,400,400,12300,B,192,12.52,188,12.52
193,09:30:32,12.52,100,100,12300,B,193,12.52,188,12.52
194,09:30:32,12.52,300,300,12300,B,194,12.52,188,12.52
195,09:30:32,12.52,1500,1500,12300,B,195,12.52,188,12.52
196,09:30:34,12.52,200,200,800,S,196,12.51,196,12.52
197,09:30:34,12.52,200,200,800,S,197,12.51,196,12.52
198,09:30:34,12.52,300,300,800,S,198,12.5,196,12.52
199,09:30:34,12.53,400,400,1200,B,199,12.53,199,12.54
200,09:30:34,12.53,800,2000,1200,B,200,12.53,199,12.54
201,09:30:34,12.52,100,2000,800,S,201,12.51,196,12.52
202,09:30:34,12.51,1900,2000,5200,S,201,12.51,175,12.51
203,09:30:35,12.51,200,2500,5200,S,203,12.51,175,12.51
204,09:30:35,12.51,1800,2500,1800,S,203,12.51,204,12.51
205,09:30:35,12.51,500,2500,10000,S,203,12.51,205,12.51
206,09:30:36,12.52,1000,16600,1000,S,206,12.51,206,12.52
207,09:30:36,12.52,15600,16600,50000,S,206,12.51,207,12.52
208,09:30:36,12.52,900,900,50000,S,208,12.52,207,12.52
209,09:30:37,12.52,3400,3400,50000,S,209,12.51,207,12.52
210,09:30:38,12.52,1000,1000,50000,S,210,12.51,207,12.52
211,09:30:38,12.53,400,2000,400,B,200,12.53,211,12.53
212,09:30:39,12.53,400,2000,400,B,200,12.53,212,12.54
213,09:30:42,12.52,3400,3400,50000,S,213,12.52,207,12.52
214,09:30:43,12.52,7800,7800,50000,S,214,12.51,207,12.52
215,09:30:44,12.52,100,100,50000,S,215,12.52,207,12.52
216,09:30:44,12.52,100,100,50000,S,216,12.52,207,12.52
217,09:30:44,12.52,9900,9900,50000,S,217,12.52,207,12.52
218,09:30:45,12.52,7800,9900,50000,S,218,12.52,207,12.52
219,09:30:45,12.52,1000,9900,1000,S,218,12.52,219,12.52
220,09:30:45,12.52,1100,9900,2000,S,218,12.52,220,12.52
221,09:30:46,12.53,400,2000,400,B,200,12.53,221,12.53
222,09:30:48,12.52,900,1400,2000,S,222,12.47,220,12.52
223,09:30:48,12.52,500,1400,600,S,222,12.47,223,12.52
224,09:30:48,12.52,100,2200,600,S,224,12.52,223,12.52
225,09:30:48,12.52,2000,2200,2000,S,224,12.52,225,12.52
226,09:30:48,12.52,100,2200,1500,S,224,12.52,226,12.52
227,09:30:49,12.52,400,400,1500,S,227,12.52,226,12.52
228,09:30:49,12.52,1000,1400,1500,S,228,12.52,226,12.52
229,09:30:49,12.52,400,1400,1000,S,228,12.52,229,12.52
230,09:30:49,12.53,200,200,2000,B,230,12.53,230,12.54
231,09:30:49,12.53,200,200,2000,B,231,12.53,230,12.54
232,09:30:49,12.53,200,200,2000,B,232,12.53,230,12.54
233,09:30:49,12.53,200,200,2000,B,233,12.53,230,12.54
234,09:30:49,12.53,200,200,2000,B,234,12.53,230,12.54
235,09:30:49,12.53,200,200,2000,B,235,12.53,230,12.54
236,09:30:49,12.53,100,100,2000,B,236,12.53,230,12.54
237,09:30:49,12.53,100,100,2000,B,237,12.53,230,12.54
238,09:30:49,12.53,600,8500,2000,B,238,12.53,230,12.54
239,09:30:50,12.52,600,162900,1000,S,239,12.52,229,12.52
240,09:30:50,12.52,1000,162900,1000,S,239,12.52,240,12.52
241,09:30:53,12.51,900,900,10000,S,241,12.51,205,12.51
242,09:30:55,12.51,3300,3300,10000,S,242,12.51,205,12.51
243,09:30:56,12.52,200,162900,200,B,239,12.52,243,12.52
244,09:30:57,12.51,5300,50100,10000,S,244,12.51,205,12.51
245,09:30:57,12.51,3000,50100,3000,S,244,12.51,245,12.51
246,09:30:57,12.51,41800,50100,50000,S,244,12.51,246,12.51
247,09:30:58,12.51,500,500,50000,S,247,12.49,246,12.51
248,09:31:00,12.51,100,100,50000,S,248,12.51,246,12.51
249,09:31:00,12.51,100,100,50000,S,249,12.51,246,12.51
250,09:31:01,12.52,800,162900,800,B,239,12.52,250,12.52
251,09:31:01,12.52,300,162900,300,B,239,12.52,251,12.53
252,09:31:02,12.52,300,162900,300,B,239,12.52,252,12.52
253,09:31:03,12.52,100,162900,100,B,239,12.52,253,12.52
254,09:31:03,12.51,2800,2800,50000,S,254,12.51,246,12.51
255,09:31:04,12.51,4700,100000,50000,S,255,12.51,246,12.51
256,09:31:04,12.51,1100,100000,1100,S,255,12.51,256,12.51
257,09:31:04,12.51,1000,100000,1000,S,255,12.51,257,12.51
258,09:31:04,12.51,800,100000,800,S,255,12.51,258,12.51
259,09:31:04,12.51,1000,100000,1000,S,255,12.51,259,12.51
260,09:31:04,12.51,1000,100000,1000,S,255,12.51,260,12.51
261,09:31:04,12.51,100,100000,100,S,255,12.51,261,12.51
262,09:31:04,12.51,1000,100000,1000,S,255,12.51,262,12.51
263,09:31:04,12.51,200,100000,200,S,255,12.51,263,12.51
264,09:31:04,12.51,100,100000,100,S,255,12.51,264,12.51
265,09:31:04,12.51,3000,100000,3000,S,255,12.51,265,12.51
266,09:31:04,12.51,5000,100000,5000,S,255,12.51,266,12.51
267,09:31:04,12.51,2000,100000,2000,S,255,12.51,267,12.51
268,09:31:04,12.51,500,100000,500,S,255,12.51,268,12.51
269,09:31:04,12.51,30000,100000,30000,S,255,12.51,269,12.51
270,09:31:04,12.51,2400,100000,2400,S,255,12.51,270,12.51
271,09:31:04,12.51,1000,100000,1000,S,255,12.51,271,12.51
272,09:31:04,12.51,1000,100000,1000,S,255,12.51,272,12.51
273,09:31:04,12.5,100,100,300,S,273,12.5,273,12.5
274,09:31:05,12.51,200,100000,200,B,255,12.51,274,12.51
275,09:31:06,12.51,2700,100000,2700,B,255,12.51,275,12.51
276,09:31:06,12.51,2100,100000,2100,B,255,12.51,276,13.83
277,09:31:06,12.5,100,100,300,S,277,12.5,273,12.5
278,09:31:06,12.5,100,1000,300,S,278,12.5,273,12.5
279,09:31:06,12.5,500,1000,500,S,278,12.5,279,12.5
280,09:31:06,12.5,400,1000,1000,S,278,12.5,280,12.5
281,09:31:07,12.5,600,1000,1000,S,281,12.49,280,12.5
282,09:31:07,12.5,400,1000,1000,S,281,12.49,282,12.5
283,09:31:07,12.51,600,100000,600,B,255,12.51,283,12.51
284,09:31:08,12.51,33300,100000,33300,B,255,12.51,284,12.51
285,09:31:09,12.51,1700,100000,1700,B,255,12.51,285,12.51
286,09:31:09,12.51,3500,100000,8900,B,255,12.51,286,12.51
287,09:31:09,12.51,100,100,8900,B,287,12.51,286,12.51
288,09:31:09,12.51,2300,2300,8900,B,288,12.51,286,12.51
289,09:31:09,12.51,1300,1300,8900,B,289,12.51,286,12.51
290,09:31:09,12.51,900,900,8900,B,290,12.51,286,12.51
291,09:31:09,12.51,800,2000,8900,B,291,12.51,286,12.51
292,09:31:11,12.5,100,100,1000,S,292,12.5,282,12.5
293,09:31:11,12.51,400,2000,400,B,291,12.51,293,12.51
294,09:31:11,12.51,800,2000,5000,B,291,12.51,294,12.51
295,09:31:11,12.51,2800,2800,5000,B,295,12.51,294,12.51
296,09:31:11,12.51,1400,15400,5000,B,296,12.51,294,12.51
297,09:31:12,12.51,1700,15400,1700,B,296,12.51,297,12.51
298,09:31:12,12.5,500,3000,1000,S,298,12.5,282,12.5
299,09:31:12,12.5,100,3000,100,S,298,12.5,299,12.5
300,09:31:12,12.5,2400,3000,3500,S,298,12.5,300,12.5
301,09:31:12,12.51,12300,15400,15000,B,296,12.51,301,12.51
302,09:31:12,12.51,1000,1000,15000,B,302,12.51,301,12.51
303,09:31:12,12.51,600,600,15000,B,303,12.51,301,12.51
304,09:31:14,12.51,100,100,15000,S,304,12.51,301,12.51
305,09:31:14,12.51,200,200,15000,S,305,12.49,301,12.51
306,09:31:14,12.51,100,100,15000,S,306,12.51,301,12.51
307,09:31:14,12.51,200,200,15000,S,307,12.5,301,12.51
308,09:31:17,12.51,500,1000,15000,S,308,12.51,301,12.51
309,09:31:17,12.51,500,1000,4600,S,308,12.51,309,12.51
310,09:31:18,12.51,100,100,4600,S,310,12.5,309,12.51
311,09:31:19,12.52,5700,162900,5700,B,239,12.52,311,13.64
312,09:31:19,12.52,200,162900,200,B,239,12.52,312,12.52
313,09:31:21,12.51,300,300,4600,S,313,12.51,309,12.51
314,09:31:21,12.52,44100,162900,44100,B,239,12.52,314,12.52
315,09:31:23,12.51,3700,13000,4600,S,315,12.51,309,12.51
316,09:31:23,12.51,9300,13000,20000,S,315,12.51,316,12.51
317,09:31:24,12.51,400,400,20000,S,317,12.51,316,12.51
318,09:31:24,12.52,13000,162900,13000,B,239,12.52,318,12.52
319,09:31:25,12.52,400,162900,400,B,239,12.52,319,12.52
320,09:31:25,12.52,40000,162900,40000,B,239,12.52,320,12.53
321,09:31:26,12.52,4000,162900,4000,B,239,12.52,321,12.52
322,09:31:27,12.52,300,162900,300,B,239,12.52,322,12.52
323,09:31:27,12.52,2500,162900,2500,B,239,12.52,323,12.52
324,09:31:27,12.52,700,162900,700,B,239,12.52,324,12.52
325,09:31:27,12.52,26300,162900,26300,B,239,12.52,325,12.52
326,09:31:27,12.52,200,162900,200,B,239,12.52,326,12.52
327,09:31:27,12.52,22200,162900,26300,B,239,12.52,327,12.52
328,09:31:27,12.52,2000,2000,26300,B,328,12.52,327,12.52
329,09:31:27,12.52,100,100,26300,B,329,12.52,327,12.52
330,09:31:27,12.52,500,500,26300,B,330,12.52,327,12.52
331,09:31:27,12.52,100,100,26300,B,331,12.52,327,12.52
332,09:31:27,12.52,900,900,26300,B,332,12.52,327,12.52
333,09:31:27,12.52,500,4000,26300,B,333,12.52,327,12.52
334,09:31:27,12.52,200,4000,200,B,333,12.52,334,12.52
335,09:31:27,12.52,100,4000,100,B,333,12.52,335,12.52
336,09:31:27,12.52,200,4000,200,B,333,12.52,336,12.52
337,09:31:27,12.52,3000,4000,6100,B,333,12.52,337,12.52
338,09:31:27,12.52,100,100,6100,B,338,12.52,337,12.52
339,09:31:27,12.52,100,100,6100,B,339,12.52,337,12.52
340,09:31:27,12.52,2600,2600,6100,B,340,12.52,337,12.52
341,09:31:27,12.52,100,100,6100,S,341,12.5,337,12.52
342,09:31:28,12.52,200,800,6100,S,342,12.5,337,12.52
343,09:31:28,12.52,600,800,32800,S,342,12.5,343,12.52
344,09:31:28,12.52,5300,5300,32800,S,344,12.51,343,12.52
345,09:31:29,12.52,5700,8400,5700,S,345,12.51,345,12.52
346,09:31:29,12.52,2700,8400,7000,S,345,12.51,346,12.52
347,09:31:29,12.52,700,700,7000,S,347,12.51,346,12.52
348,09:31:30,12.53,7900,8500,11200,B,238,12.53,348,12.53
349,09:31:30,12.53,200,200,11200,B,349,12.53,348,12.53
350,09:31:30,12.53,100,100,11200,B,350,12.53,348,12.53
351,09:31:30,12.53,2400,2400,11200,B,351,12.53,348,12.53
352,09:31:30,12.53,300,300,11200,B,352,12.53,348,12.53
353,09:31:30,12.53,300,300,11200,B,353,12.53,348,12.53
354,09:31:33,12.54,700,700,8100,B,354,12.54,354,12.54
355,09:31:33,12.54,400,400,8100,B,355,12.54,354,12.54
356,09:31:33,12.54,2100,2100,8100,B,356,12.54,354,12.54
357,09:31:33,12.54,700,700,8100,B,357,12.54,354,12.54
358,09:31:33,12.54,1000,1000,8100,B,358,12.54,354,12.54
359,09:31:33,12.54,200,200,8100,B,359,12.54,354,12.54
360,09:31:33,12.54,200,200,8100,B,360,12.54,354,12.54
361,09:31:33,12.54,200,200,8100,B,361,12.54,354,12.54
362,09:31:33,12.54,200,200,8100,B,362,12.54,354,12.54
363,09:31:33,12.54,200,200,8100,B,363,12.54,354,12.54
364,09:31:33,12.54,200,200,8100,B,364,12.54,354,12.54
365,09:31:33,12.54,2000,3100,8100,B,365,12.54,354,12.54
366,09:31:33,12.54,1100,3100,10200,B,365,12.54,366,12.54
367,09:31:33,12.54,1100,1100,10200,B,367,12.54,366,12.54
368,09:31:33,12.54,70,70,10200,B,368,12.54,366,12.54
369,09:31:33,12.54,1800,1800,10200,S,369,12.51,366,12.54
370,09:31:34,12.54,100,100,10200,S,370,12.54,366,12.54
371,09:31:34,12.54,100,100,10200,S,371,12.54,366,12.54
372,09:31:35,12.54,200,200,10200,S,372,12.51,366,12.54
373,09:31:36,12.54,100,100,10200,S,373,12.54,366,12.54
374,09:31:36,12.54,100,100,10200,S,374,12.54,366,12.54
375,09:31:36,12.54,200,200,10200,S,375,12.54,366,12.54
376,09:31:36,12.54,100,100,10200,S,376,12.54,366,12.54
377,09:31:36,12.54,700,700,10200,S,377,12.54,366,12.54
378,09:31:36,12.54,100,100,1400,S,378,12.54,378,12.54
379,09:31:36,12.54,100,100,1400,S,379,12.54,378,12.54
380,09:31:36,12.55,100,100,500,B,380,12.55,380,12.55
381,09:31:36,12.55,400,4000,500,B,381,12.55,380,12.55
382,09:31:36,12.54,300,300,1400,S,382,12.54,378,12.54
383,09:31:36,12.54,100,100,1400,S,383,12.54,378,12.54
384,09:31:36,12.54,200,200,1400,S,384,12.54,378,12.54
385,09:31:36,12.54,100,100,1400,S,385,12.54,378,12.54
386,09:31:37,12.54,200,200,1400,S,386,12.51,378,12.54
387,09:31:37,12.54,100,100,1400,S,387,12.53,378,12.54
388,09:31:38,12.55,300,4000,300,B,381,12.55,388,12.55
389,09:31:39,12.54,100,100,1400,S,389,12.54,378,12.54
390,09:31:39,12.54,100,100,1400,S,390,12.54,378,12.54
391,09:31:39,12.54,100,100,100,S,391,12.54,391,12.54
392,09:31:39,12.54,100,100,400,S,392,12.54,392,12.54
393,09:31:39,12.54,100,100,400,S,393,12.54,392,12.54
394,09:31:39,12.54,100,100,400,S,394,12.54,392,12.54
395,09:31:39,12.54,100,500,400,S,395,12.54,392,12.54
396,09:31:39,12.54,100,500,100,S,395,12.54,396,12.54
397,09:31:39,12.54,100,500,100,S,395,12.54,397,12.54
398,09:31:40,12.54,200,500,200,B,395,12.54,398,12.54
399,09:31:41,12.54,100,100,1000,B,399,12.54,399,12.54
400,09:31:41,12.54,400,400,1000,B,400,12.54,399,12.54
401,09:31:41,12.54,100,100,1000,B,401,12.54,399,12.54
402,09:31:41,12.55,300,4000,300,B,381,12.55,402,12.55
403,09:31:42,12.54,100,100,1000,S,403,12.54,399,12.54
404,09:31:42,12.54,100,100,1000,S,404,12.54,399,12.54
405,09:31:44,12.55,1900,4000,1900,B,381,12.55,405,12.55
406,09:31:44,12.54,100,100,1000,S,406,12.54,399,12.54
407,09:31:44,12.55,500,4000,500,B,381,12.55,407,12.55
408,09:31:44,12.54,100,200,1000,S,408,12.51,399,12.54
409,09:31:44,12.54,100,200,100,S,408,12.51,409,12.54
410,09:31:45,12.54,100,100,300,B,410,12.54,410,12.54
411,09:31:45,12.54,100,100,300,S,411,12.54,410,12.54
412,09:31:48,12.54,100,100,300,S,412,12.54,410,12.54
413,09:31:50,12.54,100,400,100,S,413,12.54,413,12.54
414,09:31:50,12.54,200,400,200,S,413,12.54,414,12.54
415,09:31:50,12.54,100,400,100,S,413,12.54,415,12.54
416,09:31:51,12.54,200,1000,200,B,416,12.54,416,12.54
417,09:31:51,12.54,100,1000,100,B,416,12.54,417,12.54
418,09:31:52,12.54,300,1000,300,B,416,12.54,418,12.55
419,09:31:52,12.54,400,1000,500,B,416,12.54,419,12.54
420,09:31:52,12.54,100,100,500,B,420,12.54,419,12.54
421,09:31:53,12.54,100,100,1100,B,421,12.54,421,12.55
422,09:31:53,12.54,100,100,1100,B,422,12.54,421,12.55
423,09:31:53,12.55,600,4000,1100,B,381,12.55,421,12.55
424,09:31:53,12.55,300,700,1100,B,424,12.55,421,12.55
425,09:31:54,12.53,200,200,300,S,425,12.52,425,12.53
426,09:31:54,12.53,100,200,300,S,426,12.52,425,12.53
427,09:31:54,12.53,100,200,1200,S,426,12.52,427,12.53
428,09:31:54,12.54,100,100,100,B,428,12.54,428,12.54
429,09:31:54,12.54,100,100,100,B,429,12.54,429,12.54
430,09:31:57,12.54,1800,5300,1800,S,430,12.5,430,12.54
431,09:31:57,12.53,1100,5300,1200,S,430,12.5,427,12.53
432,09:31:57,12.53,400,5300,400,S,430,12.5,432,12.53
433,09:31:57,12.53,300,5300,300,S,430,12.5,433,12.53
434,09:31:57,12.53,1700,5300,4000,S,430,12.5,434,12.53
435,09:31:57,12.53,400,400,4000,S,435,12.53,434,12.53
436,09:31:57,12.53,200,200,4000,S,436,12.53,434,12.53
437,09:31:57,12.54,1400,1800,1400,B,437,12.54,437,12.54
438,09:31:59,12.54,100,1800,100,B,437,12.54,438,12.54
439,09:32:00,12.54,300,1800,800,B,437,12.54,439,12.55
440,09:32:00,12.54,100,100,800,B,440,12.54,439,12.55
441,09:32:00,12.54,100,100,800,B,441,12.54,439,12.55
442,09:32:00,12.55,300,700,800,B,424,12.55,439,12.55
443,09:32:00,12.54,2900,32700,2900,S,443,12.53,443,12.54
444,09:32:00,12.53,1700,32700,4000,S,443,12.53,434,12.53
445,09:32:00,12.53,600,32700,600,S,443,12.53,445,12.53
446,09:32:00,12.53,200,32700,200,S,443,12.53,446,12.53
447,09:32:00,12.53,100,32700,100,S,443,12.53,447,12.53
448,09:32:00,12.53,2000,32700,2000,S,443,12.53,448,12.53
449,09:32:00,12.53,1600,32700,1600,S,443,12.53,449,12.53
450,09:32:00,12.53,2000,32700,2000,S,443,12.53,450,12.53
451,09:32:00,12.53,2300,32700,2300,S,443,12.53,451,12.53
452,09:32:00,12.53,19300,32700,50000,S,443,12.53,452,12.53
453,09:32:00,12.54,100,100,500,B,453,12.54,453,12.56
454,09:32:00,12.55,100,700,500,B,424,12.55,453,12.56
455,09:32:00,12.55,300,4000,500,B,455,12.55,453,12.56
456,09:32:02,12.54,200,200,300,B,456,12.54,456,12.54
457,09:32:02,12.54,100,200,300,B,457,12.54,456,12.54
458,09:32:04,12.54,100,200,300,B,457,12.54,458,12.54
459,09:32:04,12.54,200,300,300,B,459,12.54,458,12.54
460,09:32:05,12.53,1100,1100,50000,S,460,12.52,452,12.53
461,09:32:05,12.54,100,300,100,B,459,12.54,461,12.54
462,09:32:06,12.53,100,100,50000,S,462,12.53,452,12.53
463,09:32:06,12.53,1700,1700,50000,S,463,12.53,452,12.53
464,09:32:07,12.53,2000,2000,50000,S,464,12.53,452,12.53
465,09:32:08,12.53,600,600,50000,S,465,12.53,452,12.53
466,09:32:09,12.53,200,200,50000,S,466,12.53,452,12.53
467,09:32:10,12.53,25000,39600,50000,S,467,12.53,452,12.53
468,09:32:10,12.53,400,39600,400,S,467,12.53,468,12.53
469,09:32:10,12.53,11400,39600,11400,S,467,12.53,469,12.53
470,09:32:10,12.53,2700,39600,2700,S,467,12.53,470,12.53
471,09:32:10,12.53,100,39600,100,S,467,12.53,471,12.53
472,09:32:12,12.53,100,4700,100,B,472,12.53,472,12.54
473,09:32:12,12.52,1200,69000,1200,S,473,12.52,473,12.52
474,09:32:12,12.52,1000,69000,1000,S,473,12.52,474,12.52
475,09:32:12,12.52,2000,69000,2000,S,473,12.52,475,12.52
476,09:32:12,12.52,50000,69000,50000,S,473,12.52,476,12.52
477,09:32:12,12.52,7000,69000,7000,S,473,12.52,477,12.52
478,09:32:12,12.52,400,69000,400,S,473,12.52,478,12.52
479,09:32:12,12.52,700,69000,700,S,473,12.52,479,12.52
480,09:32:12,12.52,400,69000,400,S,473,12.52,480,12.52
481,09:32:12,12.52,1500,69000,1500,S,473,12.52,481,12.52
482,09:32:12,12.52,2000,69000,2000,S,473,12.52,482,12.52
483,09:32:12,12.52,300,69000,300,S,473,12.52,483,12.52
484,09:32:12,12.52,300,69000,300,S,473,12.52,484,12.52
485,09:32:12,12.52,1200,69000,1200,S,473,12.52,485,12.52
486,09:32:12,12.52,500,69000,500,S,473,12.52,486,12.52
487,09:32:12,12.52,500,69000,500,S,473,12.52,487,12.52
488,09:32:14,12.51,100,100,20000,S,488,12.5,316,12.51
489,09:32:14,12.51,100,100,20000,S,489,12.51,316,12.51
490,09:32:15,12.52,500,500,500,S,490,12.52,490,12.52
491,09:32:15,12.53,4600,4700,5000,B,472,12.53,491,12.53
492,09:32:15,12.53,400,900,5000,B,492,12.53,491,12.53
493,09:32:17,12.53,100,900,100,B,492,12.53,493,12.53
494,09:32:17,12.52,100,1600,100,B,494,12.52,494,12.52
495,09:32:18,12.52,100,1600,100,B,494,12.52,495,12.52
496,09:32:18,12.52,300,1600,300,B,494,12.52,496,12.52
497,09:32:18,12.52,100,1600,100,B,494,12.52,497,12.52
498,09:32:19,12.52,1000,1600,1000,B,494,12.52,498,12.53
499,09:32:19,12.51,1500,1500,20000,S,499,11.31,316,12.51
500,09:32:20,12.52,200,200,300,B,500,12.52,500,12.54
501,09:32:20,12.52,100,1200,300,B,501,12.52,500,12.54
502,09:32:20,12.51,6500,6500,20000,S,502,12.48,316,12.51
503,09:32:21,12.52,1100,1200,9300,B,501,12.52,503,12.52
504,09:32:21,12.52,8200,8200,9300,B,504,12.52,503,12.52
505,09:32:22,12.52,200,200,500,B,505,12.52,505,12.53
506,09:32:22,12.53,200,200,500,B,506,12.53,505,12.53
507,09:32:22,12.53,100,1200,500,B,507,12.53,505,12.53
508,09:32:23,12.51,400,400,20000,S,508,12.51,316,12.51
509,09:32:23,12.52,100,100,10000,S,509,12.51,509,12.52
510,09:32:24,12.52,100,100,10000,S,510,12.52,509,12.52
511,09:32:24,12.52,100,100,10000,S,511,12.49,509,12.52
512,09:32:24,12.52,100,100,10000,S,512,12.52,509,12.52
513,09:32:24,12.52,100,100,10000,S,513,12.5,509,12.52
514,09:32:24,12.52,700,700,10000,S,514,12.52,509,12.52
515,09:32:24,12.52,400,400,10000,S,515,12.52,509,12.52
516,09:32:24,12.52,100,100,10000,S,516,12.52,509,12.52
517,09:32:24,12.52,300,300,10000,S,517,12.52,509,12.52
518,09:32:24,12.52,300,300,10000,S,518,12.52,509,12.52
519,09:32:25,12.53,1100,1200,1900,B,507,12.53,519,12.53
520,09:32:25,12.53,200,200,1900,B,520,12.53,519,12.53
521,09:32:25,12.53,400,400,1900,B,521,12.53,519,12.53
522,09:32:25,12.53,200,200,1900,B,522,12.53,519,12.53
523,09:32:26,12.53,500,500,31800,B,523,12.53,523,12.53
524,09:32:27,12.53,24200,24200,31800,S,524,12.51,523,12.53
525,09:32:27,12.53,300,300,31800,S,525,12.52,523,12.53
526,09:32:27,12.53,300,300,31800,S,526,12.53,523,12.53
527,09:32:27,12.53,6500,7100,31800,S,527,12.53,523,12.53
528,09:32:27,12.53,600,7100,3700,S,527,12.53,528,12.53
529,09:32:27,12.53,100,100,3700,S,529,12.52,528,12.53
530,09:32:27,12.54,200,200,20000,B,530,12.54,530,12.54
531,09:32:27,12.54,1200,1200,20000,B,531,12.54,530,12.54
532,09:32:27,12.54,5000,5000,20000,B,532,12.54,530,12.54
533,09:32:27,12.54,200,200,20000,B,533,12.54,530,12.54
534,09:32:27,12.54,900,900,20000,B,534,12.54,530,12.54
535,09:32:27,12.54,2900,2900,20000,B,535,12.54,530,12.54
536,09:32:27,12.54,6800,6800,20000,B,536,12.54,530,12.54
537,09:32:27,12.54,1000,1000,20000,B,537,12.54,530,12.54
538,09:32:27,12.54,500,500,20000,B,538,12.54,530,12.54
539,09:32:28,12.54,1300,1300,20000,S,539,12.54,530,12.54
540,09:32:30,12.54,300,300,1000,S,540,12.54,540,12.54
541,09:32:30,12.54,700,1000,1000,S,541,12.54,540,12.54
542,09:32:30,12.54,100,1000,100,S,541,12.54,542,12.54
543,09:32:30,12.54,200,1000,4000,S,541,12.54,543,12.54
544,09:32:30,12.54,200,200,4000,S,544,12.54,543,12.54
545,09:32:30,12.54,200,200,4000,S,545,12.54,543,12.54
546,09:32:30,12.54,3400,4300,4000,S,546,12.54,543,12.54
547,09:32:31,12.52,2000,2000,10000,S,547,12.51,509,12.52
548,09:32:31,12.53,400,1100,400,B,548,12.53,548,12.55
549,09:32:32,12.53,300,1100,300,B,548,12.53,549,12.54
550,09:32:32,12.53,400,1100,1000,B,548,12.53,550,12.53
551,09:32:33,12.53,600,3100,1000,S,551,12.48,550,12.53
552,09:32:33,12.53,2500,3100,4300,S,551,12.48,552,12.53
553,09:32:33,12.53,1800,8600,4300,S,553,12.53,552,12.53
554,09:32:33,12.53,3000,8600,3000,B,553,12.53,554,12.53
555,09:32:34,12.52,100,100,10000,S,555,12.52,509,12.52
556,09:32:36,12.52,100,100,10000,S,556,12.52,509,12.52
557,09:32:36,12.53,500,500,3400,B,557,12.53,557,12.55
558,09:32:36,12.53,100,100,3400,B,558,12.53,557,12.55
559,09:32:36,12.54,900,4300,3400,B,546,12.54,557,12.55
560,09:32:36,12.54,1900,2000,3400,B,560,12.54,557,12.55
561,09:32:37,12.53,300,10000,300,B,561,12.53,561,12.55
562,09:32:38,12.53,1000,10000,1000,B,561,12.53,562,12.53
563,09:32:38,12.53,2000,10000,2000,B,561,12.53,563,12.57
564,09:32:40,12.53,300,10000,300,B,561,12.53,564,12.55
565,09:32:40,12.52,300,300,10000,S,565,12.52,509,12.52
566,09:32:42,12.53,1200,10000,1200,B,561,12.53,566,12.53
567,09:32:42,12.53,1000,10000,1000,B,561,12.53,567,12.53
568,09:32:44,12.52,200,200,10000,S,568,12.5,509,12.52
569,09:32:44,12.52,100,100,10000,S,569,12.51,509,12.52
570,09:32:46,12.52,2900,2900,10000,S,570,12.52,509,12.52
571,09:32:47,12.53,100,10000,100,B,561,12.53,571,12.53
572,09:32:47,12.53,400,10000,400,B,561,12.53,572,12.53
573,09:32:48,12.53,1000,10000,1000,B,561,12.53,573,12.53
574,09:32:49,12.53,400,10000,400,B,561,12.53,574,12.53
575,09:32:50,12.53,400,10000,400,B,561,12.53,575,12.53
576,09:32:51,12.53,1900,10000,2400,B,561,12.53,576,12.53
577,09:32:51,12.53,100,100,2400,B,577,12.53,576,12.53
578,09:32:51,12.53,100,100,2400,B,578,12.53,576,12.53
579,09:32:51,12.53,200,200,2400,B,579,12.53,576,12.53
580,09:32:51,12.53,100,700,2400,B,580,12.53,576,12.53
581,09:32:52,12.53,600,700,2000,B,580,12.53,581,12.53
582,09:32:52,12.53,500,500,2000,B,582,12.53,581,12.53
583,09:32:53,12.53,900,1000,2000,S,583,12.53,581,12.53
584,09:32:53,12.53,100,1000,1800,S,583,12.53,584,12.53
585,09:32:53,12.53,100,100,1800,S,585,12.52,584,12.53
586,09:32:54,12.53,100,100,1800,S,586,12.53,584,12.53
587,09:32:54,12.53,100,100,1800,S,587,12.53,584,12.53
588,09:32:55,12.54,300,1700,300,B,588,12.54,588,12.54
589,09:32:56,12.53,1400,10000,1800,S,589,12.52,584,12.53
590,09:32:56,12.53,200,10000,200,S,589,12.52,590,12.53
591,09:32:56,12.53,2100,10000,2100,S,589,12.52,591,12.53
592,09:32:56,12.53,2000,10000,2000,S,589,12.52,592,12.53
593,09:32:56,12.52,2000,10000,10000,S,589,12.52,509,12.52
594,09:32:56,12.52,2300,10000,2300,S,589,12.52,594,12.52
595,09:32:57,12.52,1000,1000,2400,S,595,12.52,595,12.52
596,09:32:57,12.54,1000,1700,1000,B,588,12.54,596,12.54
597,09:32:58,12.52,200,200,2400,S,597,12.52,595,12.52
598,09:32:59,12.52,200,200,2400,S,598,12.52,595,12.52
599,09:32:59,12.54,400,1700,400,B,588,12.54,599,12.55
600,09:33:00,12.52,100,100,2400,S,600,12.52,595,12.52
601,09:33:00,12.52,300,300,2400,S,601,12.52,595,12.52
602,09:33:01,12.52,300,300,2400,S,602,12.52,595,12.52
603,09:33:02,12.54,100,100,300,B,603,12.54,603,12.54
604,09:33:02,12.54,200,2000,300,B,604,12.54,603,12.54
605,09:33:03,12.54,800,2000,800,B,604,12.54,605,12.54
606,09:33:03,12.54,1000,2000,1200,B,604,12.54,606,12.54
607,09:33:03,12.54,200,4000,1200,B,607,12.54,606,12.54
608,09:33:03,12.52,300,1100,2400,S,608,12.51,595,12.52
609,09:33:03,12.52,800,1100,3100,S,608,12.51,609,12.52
610,09:33:04,12.52,2300,9500,3100,S,610,12.52,609,12.52
611,09:33:04,12.52,500,9500,500,S,610,12.52,611,12.52
612,09:33:04,12.52,400,9500,400,S,610,12.52,612,12.52
613,09:33:04,12.52,2000,9500,2000,S,610,12.52,613,12.52
614,09:33:04,12.52,400,9500,400,S,610,12.52,614,12.52
615,09:33:04,12.52,400,9500,400,S,610,12.52,615,12.52
616,09:33:04,12.52,2100,9500,2100,S,610,12.52,616,12.52
617,09:33:04,12.52,500,9500,500,S,610,12.52,617,12.52
618,09:33:04,12.52,200,9500,200,S,610,12.52,618,12.52
619,09:33:04,12.52,700,9500,2300,S,610,12.52,619,12.52
620,09:33:04,12.52,100,100,2300,S,620,12.51,619,12.52
621,09:33:04,12.52,1500,5300,2300,S,621,12.5,619,12.52
622,09:33:04,12.52,100,5300,100,S,621,12.5,622,12.52
623,09:33:04,12.52,1000,5300,1000,S,621,12.5,623,12.52
624,09:33:04,12.52,1000,5300,1000,S,621,12.5,624,12.52
625,09:33:04,12.52,1700,5300,17800,S,621,12.5,625,12.52
626,09:33:06,12.53,4400,20000,4400,B,626,12.53,626,12.53
627,09:33:06,12.52,400,400,17800,S,627,12.52,625,12.52
628,09:33:06,12.53,2100,20000,2100,B,626,12.53,628,12.58
629,09:33:06,12.53,1700,20000,1700,B,626,12.53,629,12.53
630,09:33:09,12.53,2100,20000,2100,B,626,12.53,630,13.83
631,09:33:09,12.52,200,200,17800,S,631,12.52,625,12.52
632,09:33:10,12.53,2100,20000,2100,B,626,12.53,632,12.57
633,09:33:10,12.53,1000,20000,1000,B,626,12.53,633,12.54
634,09:33:11,12.52,2700,2700,17800,S,634,12.52,625,12.52
635,09:33:12,12.53,1500,20000,1500,B,626,12.53,635,12.53
636,09:33:12,12.52,200,200,17800,S,636,12.52,625,12.52
637,09:33:13,12.53,500,20000,500,B,626,12.53,637,12.53
638,09:33:14,12.52,100,100,17800,S,638,12.49,625,12.52
639,09:33:14,12.52,100,100,17800,S,639,12.5,625,12.52
640,09:33:14,12.53,1000,20000,1000,B,626,12.53,640,12.53
641,09:33:14,12.53,3600,20000,50000,B,626,12.53,641,12.53
642,09:33:14,12.53,100,100,50000,B,642,12.53,641,12.53
643,09:33:14,12.53,100,100,50000,B,643,12.53,641,12.53
644,09:33:16,12.53,5000,5000,50000,S,644,12.52,641,12.53
645,09:33:20,12.54,200,4000,200,B,607,12.54,645,12.55
646,09:33:21,12.53,700,700,50000,S,646,12.52,641,12.53
647,09:33:21,12.53,11200,11200,50000,S,647,12.53,641,12.53
648,09:33:24,12.54,2100,4000,2100,B,607,12.54,648,12.55
649,09:33:24,12.53,100,100,50000,S,649,12.5,641,12.53
650,09:33:24,12.53,500,500,50000,S,650,12.51,641,12.53
651,09:33:25,12.54,200,4000,200,B,607,12.54,651,12.54
652,09:33:27,12.54,1300,4000,5000,B,607,12.54,652,12.54
653,09:33:27,12.54,2000,2000,5000,B,653,12.54,652,12.54
654,09:33:27,12.54,100,100,5000,B,654,12.54,652,12.54
655,09:33:27,12.54,1000,1000,5000,B,655,12.54,652,12.54
656,09:33:27,12.54,500,500,5000,B,656,12.54,652,12.54
657,09:33:27,12.54,100,100,5000,B,657,12.54,652,12.54
658,09:33:28,12.54,100,100,400,B,658,12.54,658,12.54
659,09:33:28,12.54,300,400,400,B,659,12.54,658,12.54
660,09:33:28,12.54,100,400,2100,B,659,12.54,660,12.58
661,09:33:28,12.54,800,800,2100,B,661,12.54,660,12.58
662,09:33:28,12.55,1200,4000,2100,B,455,12.55,660,12.58
663,09:33:30,12.54,500,500,500,S,663,12.54,663,12.54
664,09:33:30,12.53,1400,1400,50000,S,664,12.53,641,12.53
665,09:33:30,12.53,1000,1000,50000,S,665,12.53,641,12.53
666,09:33:31,12.55,300,4000,300,B,455,12.55,666,12.55
667,09:33:33,12.55,200,4000,200,B,455,12.55,667,12.55
668,09:33:34,12.54,200,200,200,S,668,12.53,668,12.54
669,09:33:36,12.54,500,24000,500,S,669,12.54,669,12.54
670,09:33:36,12.54,1100,24000,1100,S,669,12.54,670,12.54
671,09:33:36,12.54,400,24000,400,S,669,12.54,671,12.54
672,09:33:37,12.54,100,24000,100,B,669,12.54,672,12.54
673,09:33:38,12.54,500,24000,500,B,669,12.54,673,12.54
674,09:33:40,12.54,400,24000,400,B,669,12.54,674,12.56
675,09:33:41,12.54,300,24000,300,B,669,12.54,675,12.55
676,09:33:42,12.54,200,24000,200,B,669,12.54,676,12.54
677,09:33:42,12.53,100,100,50000,S,677,12.53,641,12.53
678,09:33:44,12.53,100,100,50000,S,678,12.5,641,12.53
679,09:33:44,12.53,200,200,50000,S,679,12.51,641,12.53
680,09:33:44,12.54,200,24000,200,B,669,12.54,680,12.54
681,09:33:45,12.54,300,24000,300,B,669,12.54,681,12.54
682,09:33:45,12.54,300,24000,300,B,669,12.54,682,12.55
683,09:33:48,12.54,1000,24000,1000,B,669,12.54,683,12.54
684,09:33:48,12.54,1700,24000,1700,B,669,12.54,684,12.54
685,09:33:49,12.54,900,24000,900,B,669,12.54,685,12.54
686,09:33:50,12.54,200,24000,200,B,669,12.54,686,12.54
687,09:33:50,12.54,2000,24000,2000,B,669,12.54,687,12.54
688,09:33:50,12.54,1000,24000,1000,B,669,12.54,688,12.54
689,09:33:51,12.54,400,24000,400,B,669,12.54,689,12.54
690,09:33:51,12.54,2000,24000,2000,B,669,12.54,690,12.54
691,09:33:52,12.54,300,24000,300,B,669,12.54,691,12.54
692,09:33:52,12.54,100,24000,100,B,669,12.54,692,12.54
693,09:33:52,12.53,1500,1500,50000,S,693,12.53,641,12.53
694,09:33:54,12.53,100,100,50000,S,694,12.5,641,12.53
695,09:33:54,12.53,100,100,50000,S,695,12.51,641,12.53
696,09:33:55,12.54,2000,24000,2000,B,669,12.54,696,12.54
697,09:33:57,12.54,500,24000,500,B,669,12.54,697,12.54
698,09:33:58,12.54,3000,24000,3000,B,669,12.54,698,12.54
699,09:33:59,12.54,200,24000,200,B,669,12.54,699,12.54
700,09:34:00,12.53,100,100,50000,S,700,12.53,641,12.53
701,09:34:00,12.53,100,100,50000,S,701,12.53,641,12.53
702,09:34:02,12.54,300,24000,300,B,669,12.54,702,12.55
703,09:34:02,12.54,400,24000,400,B,669,12.54,703,12.54
704,09:34:03,12.54,3700,24000,4900,B,669,12.54,704,12.54
705,09:34:03,12.54,1200,3900,4900,B,705,12.54,704,12.54
706,09:34:03,12.53,1000,1000,50000,S,706,12.52,641,12.53
707,09:34:03,12.54,100,3900,100,B,705,12.54,707,12.54
708,09:34:04,12.53,200,200,50000,S,708,12.49,641,12.53
709,09:34:04,12.53,800,800,50000,S,709,12.53,641,12.53
710,09:34:04,12.53,100,100,50000,S,710,12.51,641,12.53
711,09:34:04,12.54,2600,3900,11800,B,705,12.54,711,12.54
712,09:34:04,12.54,1000,1000,11800,B,712,12.54,711,12.54
713,09:34:04,12.54,8200,27800,11800,B,713,12.54,711,12.54
714,09:34:04,12.54,100,27800,100,B,713,12.54,714,12.54
715,09:34:05,12.54,3800,27800,3800,B,713,12.54,715,12.54
716,09:34:06,12.54,500,27800,500,B,713,12.54,716,12.54
717,09:34:07,12.54,300,27800,300,B,713,12.54,717,12.54
718,09:34:07,12.54,300,27800,300,B,713,12.54,718,12.54
719,09:34:07,12.54,300,27800,300,B,713,12.54,719,12.54
720,09:34:08,12.54,1400,27800,1400,B,713,12.54,720,12.54
721,09:34:08,12.54,200,27800,200,B,713,12.54,721,12.54
722,09:34:08,12.54,200,27800,200,B,713,12.54,722,12.54
723,09:34:09,12.54,1000,27800,1000,B,713,12.54,723,12.54
724,09:34:09,12.54,300,27800,300,B,713,12.54,724,12.54
725,09:34:09,12.54,700,27800,700,B,713,12.54,725,12.54
726,09:34:09,12.54,200,27800,200,B,713,12.54,726,12.54
727,09:34:09,12.54,200,27800,200,B,713,12.54,727,12.54
728,09:34:09,12.54,300,27800,300,B,713,12.54,728,12.54
729,09:34:09,12.54,100,27800,100,B,713,12.54,729,12.54
730,09:34:10,12.54,200,27800,200,B,713,12.54,730,12.54
731,09:34:10,12.54,200,27800,200,B,713,12.54,731,12.54
732,09:34:11,12.53,2000,2000,50000,S,732,12.53,641,12.53
733,09:34:11,12.54,500,27800,500,B,713,12.54,733,12.54
734,09:34:11,12.54,400,27800,400,B,713,12.54,734,12.54
735,09:34:11,12.54,900,27800,900,B,713,12.54,735,12.54
736,09:34:12,12.54,200,27800,200,B,713,12.54,736,12.54
737,09:34:12,12.54,400,27800,400,B,713,12.54,737,12.54
738,09:34:12,12.54,800,27800,800,B,713,12.54,738,12.54
739,09:34:13,12.54,6100,27800,14600,B,713,12.54,739,12.54
740,09:34:13,12.54,300,300,14600,B,740,12.54,739,12.54
741,09:34:13,12.54,2000,2000,14600,B,741,12.54,739,12.54
742,09:34:13,12.54,800,800,14600,B,742,12.54,739,12.54
743,09:34:13,12.54,2000,2000,14600,B,743,12.54,739,12.54
744,09:34:13,12.54,100,100,14600,B,744,12.54,739,12.54
745,09:34:13,12.54,100,100,14600,B,745,12.54,739,12.54
746,09:34:13,12.54,2600,2600,14600,B,746,12.54,739,12.54
747,09:34:14,12.54,100,100,14600,S,747,12.54,739,12.54
748,09:34:14,12.54,100,100,14600,S,748,12.49,739,12.54
749,09:34:14,12.54,100,100,14600,S,749,12.54,739,12.54
750,09:34:14,12.54,100,100,14600,S,750,12.51,739,12.54
751,09:34:15,12.54,200,200,14600,S,751,12.53,739,12.54
752,09:34:16,12.54,1000,1000,1700,S,752,12.53,752,12.54
753,09:34:19,12.55,2000,4000,50000,B,455,12.55,753,12.55
754,09:34:19,12.55,4000,4000,50000,B,754,12.55,753,12.55
755,09:34:19,12.55,200,200,50000,B,755,12.55,753,12.55
756,09:34:19,12.55,800,800,50000,B,756,12.55,753,12.55
757,09:34:19,12.55,100,100,50000,B,757,12.55,753,12.55
758,09:34:19,12.55,2000,2000,50000,B,758,12.55,753,12.55
759,09:34:19,12.55,4000,4000,50000,B,759,12.55,753,12.55
760,09:34:19,12.55,2000,2000,50000,B,760,12.55,753,12.55
761,09:34:19,12.55,5200,5200,50000,B,761,12.55,753,12.55
762,09:34:19,12.55,1000,1000,50000,B,762,12.55,753,12.55
763,09:34:19,12.55,2000,2000,50000,B,763,12.55,753,12.55
764,09:34:19,12.55,800,800,50000,B,764,12.55,753,12.55
765,09:34:19,12.55,4100,4100,50000,B,765,12.55,753,12.55
766,09:34:19,12.55,300,300,50000,B,766,12.55,753,12.55
767,09:34:19,12.55,500,500,50000,B,767,12.55,753,12.55
768,09:34:19,12.55,2000,2000,50000,B,768,12.55,753,12.55
769,09:34:20,12.55,900,900,50000,S,769,12.53,753,12.55
770,09:34:21,12.55,100,100,50000,S,770,12.54,753,12.55
771,09:34:21,12.56,300,4900,300,B,771,12.56,771,12.56
772,09:34:24,12.55,100,100,50000,S,772,12.53,753,12.55
773,09:34:24,12.55,1100,1100,50000,S,773,12.54,753,12.55
774,09:34:25,12.55,1400,1400,50000,S,774,12.54,753,12.55
775,09:34:27,12.55,400,400,50000,S,775,12.55,753,12.55
776,09:34:29,12.56,4600,4900,50000,B,771,12.56,776,12.56
777,09:34:29,12.56,20000,20000,50000,B,777,12.56,776,12.56
778,09:34:29,12.56,1300,1300,50000,B,778,12.56,776,12.56
779,09:34:29,12.56,1000,1000,50000,B,779,12.56,776,12.56
780,09:34:29,12.56,1400,1400,50000,B,780,12.56,776,12.56
781,09:34:29,12.56,900,900,50000,B,781,12.56,776,12.56
782,09:34:29,12.56,2300,2300,50000,B,782,12.56,776,12.56
783,09:34:29,12.56,10300,10300,50000,B,783,12.56,776,12.56
784,09:34:29,12.56,100,100,50000,B,784,12.56,776,12.56
785,09:34:29,12.56,100,100,50000,B,785,12.56,776,12.56
786,09:34:29,12.56,3900,3900,50000,B,786,12.56,776,12.56
787,09:34:29,12.57,100,100,3700,B,787,12.57,787,12.6
788,09:34:29,12.57,100,100,3700,B,788,12.57,787,12.6
789,09:34:29,12.57,300,300,3700,B,789,12.57,787,12.6
790,09:34:29,12.57,2000,2000,3700,B,790,12.57,787,12.6
791,09:34:29,12.57,1200,2000,3700,B,791,12.57,787,12.6
792,09:34:30,12.56,4100,4100,50000,S,792,12.56,776,12.56
793,09:34:31,12.57,300,2000,300,B,791,12.57,793,12.57
794,09:34:31,12.56,500,6200,500,S,794,12.55,794,12.56
795,09:34:31,12.55,5700,6200,50000,S,794,12.55,753,12.55
796,09:34:32,12.57,500,2000,900,B,791,12.57,796,12.57
797,09:34:32,12.57,200,200,900,B,797,12.57,796,12.57
798,09:34:32,12.57,200,13000,900,B,798,12.57,796,12.57
799,09:34:34,12.56,400,500,400,S,799,12.56,799,12.56
800,09:34:34,12.56,100,500,200,S,799,12.56,800,12.56
801,09:34:34,12.57,100,13000,100,B,798,12.57,801,12.69
802,09:34:35,12.57,300,13000,300,B,798,12.57,802,12.57
803,09:34:35,12.57,200,13000,200,B,798,12.57,803,12.57
804,09:34:36,12.56,100,4900,200,S,804,12.56,800,12.56
805,09:34:36,12.56,200,4900,200,S,804,12.56,805,12.56
806,09:34:36,12.56,200,4900,200,S,804,12.56,806,12.56
807,09:34:36,12.56,100,4900,100,S,804,12.56,807,12.56
808,09:34:36,12.56,400,4900,400,S,804,12.56,808,12.56
809,09:34:36,12.56,3000,4900,3000,S,804,12.56,809,12.56
810,09:34:36,12.56,500,4900,500,S,804,12.56,810,12.56
811,09:34:36,12.56,400,4900,400,S,804,12.56,811,12.56
812,09:34:36,12.57,100,13000,100,B,798,12.57,812,12.57
813,09:34:37,12.57,100,13000,100,B,798,12.57,813,12.57
814,09:34:38,12.57,1000,13000,1000,B,798,12.57,814,12.57
815,09:34:39,12.56,200,5300,200,S,815,12.56,815,12.56
816,09:34:39,12.56,100,5300,100,S,815,12.56,816,12.56
817,09:34:39,12.56,5000,5300,5000,S,815,12.56,817,12.56
818,09:34:40,12.56,100,400,100,S,818,12.56,818,12.56
819,09:34:40,12.56,100,400,100,S,818,12.56,819,12.56
820,09:34:40,12.56,100,400,100,S,818,12.56,820,12.56
821,09:34:40,12.56,100,400,100,S,818,12.56,821,12.56
822,09:34:42,12.56,100,600,100,S,822,12.56,822,12.56
823,09:34:42,12.56,500,600,500,S,822,12.56,823,12.56
824,09:34:43,12.56,200,20000,200,S,824,12.56,824,12.56
825,09:34:43,12.56,100,20000,100,S,824,12.56,825,12.56
826,09:34:43,12.56,400,20000,400,B,824,12.56,826,12.58
827,09:34:43,12.55,4500,4500,50000,S,827,12.55,753,12.55
828,09:34:44,12.55,4800,8000,50000,S,828,12.55,753,12.55
829,09:34:44,12.55,200,8000,200,S,828,12.55,829,12.55
830,09:34:44,12.55,200,8000,200,S,828,12.55,830,12.55
831,09:34:44,12.55,400,8000,400,S,828,12.55,831,12.55
832,09:34:44,12.55,2400,8000,9900,S,828,12.55,832,12.55
833,09:34:44,12.55,200,200,9900,S,833,12.52,832,12.55
834,09:34:44,12.55,100,100,9900,S,834,12.54,832,12.55
835,09:34:44,12.56,1600,20000,1600,B,824,12.56,835,12.57
836,09:34:45,12.56,800,20000,800,B,824,12.56,836,12.57
837,09:34:46,12.56,2900,20000,2900,B,824,12.56,837,12.57
838,09:34:46,12.56,1000,20000,1000,B,824,12.56,838,12.56
839,09:34:46,12.55,7200,23500,9900,S,839,12.55,832,12.55
840,09:34:46,12.55,200,23500,200,S,839,12.55,840,12.55
841,09:34:46,12.55,700,23500,700,S,839,12.55,841,12.55
842,09:34:46,12.55,200,23500,200,S,839,12.55,842,12.55
843,09:34:46,12.55,900,23500,900,S,839,12.55,843,12.55
844,09:34:46,12.55,300,23500,300,S,839,12.55,844,12.55
845,09:34:46,12.55,14000,23500,20000,S,839,12.55,845,12.55
846,09:34:46,12.55,6000,7000,20000,S,846,12.55,845,12.55
847,09:34:46,12.55,1000,7000,2000,S,846,12.55,847,12.55
848,09:34:46,12.55,1000,2400,2000,S,848,12.55,847,12.55
849,09:34:46,12.55,200,2400,200,S,848,12.55,849,12.55
850,09:34:46,12.55,200,2400,200,S,848,12.55,850,12.55
851,09:34:46,12.55,1000,2400,1000,S,848,12.55,851,12.55
852,09:34:48,12.55,200,200,200,S,852,12.55,852,12.55
853,09:34:49,12.55,200,200,900,S,853,12.55,853,12.55
854,09:34:49,12.56,1600,20000,1600,B,824,12.56,854,12.57
855,09:34:50,12.55,700,1100,900,S,855,12.55,853,12.55
856,09:34:50,12.55,200,1100,200,S,855,12.55,856,12.55
857,09:34:53,12.55,200,1100,900,B,855,12.55,857,12.56
858,09:34:53,12.55,700,900,900,B,858,12.55,857,12.56
859,09:34:54,12.55,200,900,3000,B,858,12.55,859,12.55
860,09:34:54,12.55,900,900,3000,B,860,12.55,859,12.55
861,09:34:54,12.55,1900,4000,3000,B,861,12.55,859,12.55
862,09:34:54,12.54,100,100,500,S,862,12.51,862,12.54
863,09:34:54,12.54,400,1700,500,S,863,12.54,862,12.54
864,09:34:54,12.54,300,1700,300,S,863,12.54,864,12.54
865,09:34:54,12.54,1000,1700,1000,S,863,12.54,865,12.54
866,09:34:56,12.55,2100,4000,33700,B,861,12.55,866,12.55
867,09:34:56,12.55,100,100,33700,B,867,12.55,866,12.55
868,09:34:56,12.55,100,100,33700,B,868,12.55,866,12.55
869,09:34:56,12.55,8100,8100,33700,B,869,12.55,866,12.55
870,09:34:56,12.55,23300,23300,33700,S,870,12.55,866,12.55
871,09:34:56,12.55,3000,6400,3000,B,871,12.55,871,12.56
872,09:34:57,12.55,200,6400,200,B,871,12.55,872,12.55
873,09:34:58,12.55,400,6400,400,B,871,12.55,873,12.55
874,09:34:59,12.55,800,6400,800,B,871,12.55,874,12.55
875,09:34:59,12.55,200,6400,200,B,871,12.55,875,12.56
876,09:34:59,12.55,900,6400,900,B,871,12.55,876,12.55
877,09:35:00,12.55,300,6400,300,B,871,12.55,877,12.56
878,09:35:00,12.54,100,100,3500,S,878,12.54,878,12.54
879,09:35:00,12.55,300,6400,300,B,871,12.55,879,12.55
880,09:35:00,12.55,300,6400,1000,B,871,12.55,880,12.56
881,09:35:00,12.55,700,8700,1000,B,881,12.55,880,12.56
882,09:35:00,12.54,100,100,3500,S,882,12.54,878,12.54
883,09:35:01,12.55,1000,8700,1000,B,881,12.55,883,12.55
884,09:35:01,12.55,400,8700,400,B,881,12.55,884,12.55
885,09:35:02,12.55,1000,8700,1000,B,881,12.55,885,12.56
886,09:35:03,12.55,100,8700,100,B,881,12.55,886,12.55
887,09:35:03,12.54,3300,4200,3500,S,887,12.5,878,12.54
888,09:35:03,12.54,900,4200,1000,S,887,12.5,888,12.54
889,09:35:03,12.55,1000,8700,1000,B,881,12.55,889,12.55
890,09:35:04,12.54,100,100,1000,S,890,12.44,888,12.54
891,09:35:04,12.54,100,100,1100,S,891,12.51,891,12.54
892,09:35:04,12.55,500,8700,500,B,881,12.55,892,12.55
893,09:35:05,12.54,1000,1100,1100,S,893,12.53,891,12.54
894,09:35:05,12.54,100,1100,1000,S,893,12.53,894,12.54
895,09:35:06,12.54,900,2100,1000,S,895,12.5,894,12.54
896,09:35:06,12.54,1200,2100,20000,S,895,12.5,896,12.54
897,09:35:06,12.54,900,900,20000,S,897,12.5,896,12.54
898,09:35:07,12.55,500,8700,500,B,881,12.55,898,12.55
899,09:35:08,12.54,4100,4100,20000,S,899,12.54,896,12.54
900,09:35:08,12.54,5200,5200,20000,S,900,12.54,896,12.54
901,09:35:08,12.54,100,100,20000,S,901,12.54,896,12.54
902,09:35:09,12.55,500,8700,500,B,881,12.55,902,12.55
903,09:35:11,12.54,2100,2100,20000,S,903,12.5,896,12.54
904,09:35:12,12.55,500,8700,500,B,881,12.55,904,12.55
905,09:35:13,12.54,6000,6000,20000,S,905,12.54,896,12.54
906,09:35:13,12.54,400,3300,20000,S,906,12.54,896,12.54
907,09:35:13,12.54,500,3300,500,S,906,12.54,907,12.54
908,09:35:13,12.54,100,3300,100,S,906,12.54,908,12.54
909,09:35:13,12.54,2300,3300,3000,S,906,12.54,909,12.54
910,09:35:14,12.54,100,100,3000,S,910,12.51,909,12.54
911,09:35:14,12.55,1500,8700,1500,B,881,12.55,911,12.55
912,09:35:15,12.55,1000,8700,1000,B,881,12.55,912,12.55
913,09:35:15,12.54,600,4100,3000,S,913,12.54,909,12.54
914,09:35:15,12.54,100,4100,100,S,913,12.54,914,12.54
915,09:35:15,12.54,1000,4100,1000,S,913,12.54,915,12.54
916,09:35:15,12.54,2400,4100,2700,S,913,12.54,916,12.54
917,09:35:15,12.54,300,1400,2700,S,917,12.54,916,12.54
918,09:35:15,12.54,1000,1400,1000,S,917,12.54,918,12.54
919,09:35:15,12.54,100,1400,500,S,917,12.54,919,12.54
920,09:35:15,12.54,100,100,500,S,920,12.54,919,12.54
921,09:35:15,12.54,200,200,500,S,921,12.54,919,12.54
922,09:35:15,12.54,100,3600,500,S,922,12.54,919,12.54
923,09:35:15,12.54,1000,3600,1000,S,922,12.54,923,12.54
924,09:35:15,12.54,100,3600,100,S,922,12.54,924,12.54
925,09:35:15,12.54,300,3600,300,S,922,12.54,925,12.54
926,09:35:15,12.54,100,3600,100,S,922,12.54,926,12.54
927,09:35:15,12.53,16300,16300,50000,S,927,12.29,641,12.53
928,09:35:16,12.54,2000,3600,2000,B,922,12.54,928,12.55
929,09:35:16,12.54,100,3300,100,B,929,12.54,929,12.54
930,09:35:16,12.54,800,3300,800,B,929,12.54,930,12.55
931,09:35:18,12.53,3100,3100,50000,S,931,12.48,641,12.53
932,09:35:18,12.54,1000,3300,1000,B,929,12.54,932,12.55
933,09:35:19,12.54,500,3300,500,B,929,12.54,933,12.56
934,09:35:19,12.54,900,3300,6000,B,929,12.54,934,12.55
935,09:35:19,12.54,2000,2000,6000,B,935,12.54,934,12.55
936,09:35:19,12.54,2600,2600,6000,B,936,12.54,934,12.55
937,09:35:19,12.55,500,500,6000,B,937,12.55,934,12.55
938,09:35:20,12.55,2000,2000,8000,B,938,12.55,938,12.55
939,09:35:20,12.55,500,500,8000,B,939,12.55,938,12.55
940,09:35:20,12.55,200,200,8000,B,940,12.55,938,12.55
941,09:35:20,12.55,5000,5000,8000,B,941,12.55,938,12.55
942,09:35:20,12.55,300,3100,8000,B,942,12.55,938,12.55
943,09:35:20,12.54,2300,2300,5000,S,943,12.54,943,12.54
944,09:35:21,12.54,2700,2700,5000,S,944,12.54,943,12.54
945,09:35:22,12.54,1000,2300,1000,B,945,12.54,945,12.54
946,09:35:23,12.54,200,2300,200,B,945,12.54,946,12.54
947,09:35:24,12.53,100,100,50000,S,947,12.5,641,12.53
948,09:35:25,12.54,500,2300,500,B,945,12.54,948,12.54
949,09:35:25,12.53,400,2700,50000,S,949,12.29,641,12.53
950,09:35:25,12.53,700,2700,700,S,949,12.29,950,12.53
951,09:35:25,12.53,1000,2700,1000,S,949,12.29,951,12.53
952,09:35:25,12.53,600,2700,10000,S,949,12.29,952,12.53
953,09:35:25,12.54,600,2300,1400,B,945,12.54,953,12.55
954,09:35:25,12.54,700,700,1400,B,954,12.54,953,12.55
955,09:35:25,12.54,100,500,1400,B,955,12.54,953,12.55
956,09:35:26,12.54,400,500,1000,B,955,12.54,956,12.54
957,09:35:26,12.54,300,300,1000,B,957,12.54,956,12.54
958,09:35:26,12.54,100,100,1000,B,958,12.54,956,12.54
959,09:35:26,12.54,200,200,1000,B,959,12.54,956,12.54
960,09:35:28,12.54,100,100,2400,S,960,12.54,960,12.54
961,09:35:28,12.54,2300,20000,2400,S,961,12.54,960,12.54
962,09:35:28,12.54,100,20000,100,S,961,12.54,962,12.54
963,09:35:28,12.54,1000,20000,1000,S,961,12.54,963,12.54
964,09:35:28,12.54,100,20000,100,S,961,12.54,964,12.54
965,09:35:28,12.54,1000,20000,1000,B,961,12.54,965,12.54
966,09:35:28,12.53,2300,2300,10000,S,966,12.53,952,12.53
967,09:35:30,12.53,1400,1400,10000,S,967,12.53,952,12.53
968,09:35:30,12.53,100,100,10000,S,968,12.53,952,12.53
969,09:35:31,12.54,2000,20000,2000,B,961,12.54,969,12.54
970,09:35:31,12.53,3900,3900,10000,S,970,12.53,952,12.53
971,09:35:31,12.54,1400,20000,1400,B,961,12.54,971,12.56
972,09:35:31,12.54,200,20000,200,B,961,12.54,972,12.54
973,09:35:31,12.54,4500,20000,4500,B,961,12.54,973,12.54
974,09:35:33,12.54,500,20000,500,B,961,12.54,974,12.54
975,09:35:33,12.54,100,20000,100,B,961,12.54,975,12.55
976,09:35:33,12.53,1700,29500,10000,S,976,12.28,952,12.53
977,09:35:33,12.53,2400,29500,2400,S,976,12.28,977,12.53
978,09:35:33,12.53,11300,29500,11300,S,976,12.28,978,12.53
979,09:35:33,12.53,300,29500,300,S,976,12.28,979,12.53
980,09:35:33,12.53,200,29500,200,S,976,12.28,980,12.53
981,09:35:33,12.53,100,29500,100,S,976,12.28,981,12.53
982,09:35:33,12.53,2000,29500,2000,S,976,12.28,982,12.53
983,09:35:33,12.53,2000,29500,2000,S,976,12.28,983,12.53
984,09:35:33,12.53,500,29500,500,S,976,12.28,984,12.53
985,09:35:33,12.53,600,29500,600,S,976,12.28,985,12.53
986,09:35:33,12.53,1000,29500,1000,S,976,12.28,986,12.53
987,09:35:33,12.53,100,29500,100,S,976,12.28,987,12.53
988,09:35:33,12.53,700,29500,700,S,976,12.28,988,12.53
989,09:35:33,12.53,100,29500,100,S,976,12.28,989,12.53
990,09:35:33,12.53,1000,29500,1000,S,976,12.28,990,12.53
991,09:35:33,12.53,100,29500,100,S,976,12.28,991,12.53
992,09:35:33,12.53,2000,29500,2000,S,976,12.28,992,12.53
993,09:35:33,12.53,1000,29500,1000,S,976,12.28,993,12.53
994,09:35:33,12.53,2400,29500,10100,S,976,12.28,994,12.53
995,09:35:34,12.53,7700,17000,10100,S,995,12.53,994,12.53
996,09:35:34,12.53,2100,17000,2100,B,995,12.53,996,12.54
997,09:35:34,12.53,7200,17000,20000,B,995,12.53,997,12.54
998,09:35:34,12.54,6800,20000,20000,B,961,12.54,997,12.54
999,09:35:34,12.54,800,800,20000,B,999,12.54,997,12.54
1000,09:35:34,12.54,100,100,20000,B,1000,12.54,997,12.54
1001,09:35:34,12.54,1000,1000,20000,B,1001,12.54,997,12.54
1002,09:35:34,12.54,100,100,20000,B,1002,12.54,997,12.54
1003,09:35:34,12.54,4000,4000,20000,S,1003,12.54,997,12.54
1004,09:35:36,12.54,100,100,2000,S,1004,12.53,1004,12.54
1005,09:35:36,12.54,100,100,2000,S,1005,12.53,1004,12.54
1006,09:35:36,12.54,1800,4100,2000,S,1006,12.54,1004,12.54
1007,09:35:36,12.54,800,4100,800,S,1006,12.54,1007,12.54
1008,09:35:37,12.54,500,4100,500,B,1006,12.54,1008,12.55
1009,09:35:37,12.53,400,500,400,S,1009,12.53,1009,12.53
1010,09:35:37,12.53,100,500,100,S,1009,12.53,1010,12.53
1011,09:35:39,12.54,1000,4100,2000,B,1006,12.54,1011,12.54
1012,09:35:42,12.54,1000,1900,2000,S,1012,12.54,1011,12.54
1013,09:35:42,12.54,900,1900,900,S,1012,12.54,1013,12.54
1014,09:35:43,12.53,100,100,100,B,1014,12.53,1014,12.55
1015,09:35:43,12.53,100,100,2000,B,1015,12.53,1015,12.53
1016,09:35:43,12.53,200,200,2000,B,1016,12.53,1015,12.53
1017,09:35:44,12.53,100,100,2000,S,1017,12.51,1015,12.53
1018,09:35:44,12.54,1900,1900,3100,B,1018,12.54,1018,12.54
1019,09:35:44,12.54,300,300,3100,B,1019,12.54,1018,12.54
1020,09:35:44,12.54,100,100,3100,B,1020,12.54,1018,12.54
1021,09:35:44,12.54,800,1900,3100,B,1021,12.54,1018,12.54
1022,09:35:44,12.53,1500,1500,2000,S,1022,12.53,1015,12.53
1023,09:35:45,12.54,500,1900,500,B,1021,12.54,1023,13.64
1024,09:35:45,12.53,100,100,2000,S,1024,12.53,1015,12.53
1025,09:35:45,12.53,100,100,1000,S,1025,12.53,1025,12.53
1026,09:35:45,12.53,100,100,1000,S,1026,12.53,1025,12.53
1027,09:35:45,12.54,600,1900,1500,B,1021,12.54,1027,12.55
1028,09:35:45,12.54,900,900,1500,B,1028,12.54,1027,12.55
1029,09:35:46,12.54,700,700,8700,B,1029,12.54,1029,12.54
1030,09:35:46,12.54,1900,1900,8700,B,1030,12.54,1029,12.54
1031,09:35:46,12.54,300,300,8700,S,1031,12.53,1029,12.54
1032,09:35:46,12.54,400,400,8700,S,1032,12.54,1029,12.54
1033,09:35:48,12.54,5400,5400,8700,S,1033,12.54,1029,12.54
1034,09:35:48,12.53,800,800,1000,S,1034,12.53,1025,12.53
1035,09:35:48,12.54,700,700,800,B,1035,12.54,1035,12.54
1036,09:35:48,12.54,100,300,800,B,1036,12.54,1035,12.54
1037,09:35:48,12.54,200,300,200,B,1036,12.54,1037,12.54
1038,09:35:50,12.53,300,300,1000,S,1038,12.53,1038,12.53
1039,09:35:51,12.53,100,100,1000,S,1039,12.53,1038,12.53
1040,09:35:51,12.53,100,100,1000,S,1040,12.53,1038,12.53
1041,09:35:51,12.53,100,100,1000,S,1041,12.53,1038,12.53
1042,09:35:54,12.53,100,100,1000,S,1042,12.5,1038,12.53
1043,09:35:54,12.53,100,100,1000,S,1043,12.53,1038,12.53
1044,09:35:55,12.53,200,1400,1000,S,1044,12.53,1038,12.53
1045,09:35:55,12.53,1000,1400,1000,S,1044,12.53,1045,12.53
1046,09:35:55,12.53,100,1400,100,S,1044,12.53,1046,12.53
1047,09:35:55,12.53,100,1400,5000,S,1044,12.53,1047,12.53
1048,09:35:57,12.53,100,100,5000,S,1048,12.53,1047,12.53
1049,09:35:57,12.53,100,100,5000,S,1049,12.53,1047,12.53
1050,09:35:57,12.53,1600,1600,5000,S,1050,12.53,1047,12.53
1051,09:35:59,12.54,1000,1000,3000,B,1051,12.54,1051,12.61
1052,09:35:59,12.54,2000,4500,3000,B,1052,12.54,1051,12.61
1053,09:35:59,12.54,200,4500,200,B,1052,12.54,1053,12.55
1054,09:35:59,12.53,3100,4600,5000,S,1054,12.53,1047,12.53
1055,09:35:59,12.53,1500,4600,1900,S,1054,12.53,1055,12.53
1056,09:36:00,12.53,100,100,1900,S,1056,12.53,1055,12.53
1057,09:36:00,12.53,300,1100,1900,S,1057,12.53,1055,12.53
1058,09:36:00,12.53,500,1100,500,S,1057,12.53,1058,12.53
1059,09:36:00,12.53,100,1100,100,S,1057,12.53,1059,12.53
1060,09:36:00,12.53,100,1100,100,S,1057,12.53,1060,12.53
1061,09:36:00,12.53,100,1100,2500,S,1057,12.53,1061,12.53
1062,09:36:00,12.53,100,100,2500,S,1062,12.53,1061,12.53
1063,09:36:01,12.54,1000,4500,1000,B,1052,12.54,1063,12.54
1064,09:36:02,12.54,400,4500,400,B,1052,12.54,1064,12.54
1065,09:36:02,12.53,400,400,2500,S,1065,12.53,1061,12.53
1066,09:36:02,12.54,100,4500,100,B,1052,12.54,1066,12.54
1067,09:36:03,12.53,1900,5000,2500,S,1067,12.53,1061,12.53
1068,09:36:03,12.53,1000,5000,1000,S,1067,12.53,1068,12.53
1069,09:36:03,12.53,300,5000,300,S,1067,12.53,1069,12.53
1070,09:36:03,12.53,100,5000,100,S,1067,12.53,1070,12.53
1071,09:36:03,12.53,900,5000,900,S,1067,12.53,1071,12.53
1072,09:36:03,12.53,100,5000,100,B,1067,12.53,1072,12.53
1073,09:36:04,12.52,100,100,17800,S,1073,12.5,625,12.52
1074,09:36:04,12.52,1100,1100,17800,S,1074,12.52,625,12.52
1075,09:36:06,12.53,700,5000,2100,B,1067,12.53,1075,12.57
1076,09:36:06,12.53,1400,14100,2100,B,1076,12.53,1075,12.57
1077,09:36:08,12.53,800,14100,800,B,1076,12.53,1077,12.53
1078,09:36:12,12.53,4200,14100,4200,B,1076,12.53,1078,12.57
1079,09:36:12,12.52,300,300,17800,S,1079,12.51,625,12.52
1080,09:36:12,12.53,200,14100,200,B,1076,12.53,1080,12.53
1081,09:36:12,12.53,400,14100,400,B,1076,12.53,1081,12.53
1082,09:36:12,12.53,100,14100,100,B,1076,12.53,1082,12.53
1083,09:36:12,12.53,200,14100,200,B,1076,12.53,1083,12.54
1084,09:36:14,12.52,100,100,17800,S,1084,12.49,625,12.52
1085,09:36:14,12.52,1500,1500,17800,S,1085,12.52,625,12.52
1086,09:36:15,12.52,2200,2200,17800,S,1086,12.52,625,12.52
1087,09:36:16,12.53,1400,14100,1400,B,1076,12.53,1087,12.53
1088,09:36:16,12.53,1000,14100,1000,B,1076,12.53,1088,12.53
1089,09:36:16,12.52,200,200,17800,S,1089,12.52,625,12.52
1090,09:36:17,12.53,4400,14100,46300,B,1076,12.53,1090,12.53
1091,09:36:17,12.53,400,400,46300,B,1091,12.53,1090,12.53
1092,09:36:17,12.53,1000,1000,46300,B,1092,12.53,1090,12.53
1093,09:36:17,12.53,1700,1700,46300,B,1093,12.53,1090,12.53
1094,09:36:17,12.53,1100,1100,46300,B,1094,12.53,1090,12.53
1095,09:36:17,12.53,2700,2700,46300,B,1095,12.53,1090,12.53
1096,09:36:17,12.53,100,100,46300,B,1096,12.53,1090,12.53
1097,09:36:17,12.54,200,4500,200,B,1052,12.54,1097,12.54
1098,09:36:17,12.54,500,4500,500,B,1052,12.54,1098,13.64
1099,09:36:17,12.53,1000,1000,46300,S,1099,12.5,1090,12.53
1100,09:36:17,12.53,33900,47700,46300,S,1100,12.52,1090,12.53
1101,09:36:17,12.53,100,47700,100,S,1100,12.52,1101,12.53
1102,09:36:17,12.53,1000,47700,1000,S,1100,12.52,1102,12.53
1103,09:36:17,12.52,6900,47700,17800,S,1100,12.52,625,12.52
1104,09:36:17,12.52,5100,47700,5100,S,1100,12.52,1104,12.52
1105,09:36:17,12.52,700,47700,2000,S,1100,12.52,1105,12.52
1106,09:36:18,12.54,100,4500,200,B,1052,12.54,1106,12.54
1107,09:36:18,12.54,100,5400,200,B,1107,12.54,1106,12.54
1108,09:36:19,12.53,800,800,1300,S,1108,12.52,1108,12.53
1109,09:36:19,12.53,100,100,1300,S,1109,12.52,1108,12.53
1110,09:36:21,12.53,100,100,1300,S,1110,12.51,1108,12.53
1111,09:36:22,12.53,300,2900,1300,S,1111,12.51,1108,12.53
1112,09:36:22,12.53,400,2900,400,S,1111,12.51,1112,12.53
1113,09:36:22,12.53,400,2900,400,S,1111,12.51,1113,12.53
1114,09:36:22,12.53,200,2900,200,S,1111,12.51,1114,12.53
1115,09:36:22,12.53,100,2900,100,S,1111,12.51,1115,12.53
1116,09:36:22,12.53,1300,2900,1300,S,1111,12.51,1116,12.53
1117,09:36:22,12.53,200,2900,700,S,1111,12.51,1117,12.53
1118,09:36:23,12.54,100,5400,100,B,1107,12.54,1118,12.54
1119,09:36:24,12.53,100,100,700,S,1119,12.49,1117,12.53
1120,09:36:24,12.53,400,500,700,S,1120,12.52,1117,12.53
1121,09:36:24,12.52,100,500,2000,S,1120,12.52,1105,12.52
1122,09:36:28,12.54,700,5400,700,B,1107,12.54,1122,12.54
1123,09:36:30,12.54,1500,5400,1500,B,1107,12.54,1123,13.83
1124,09:36:30,12.53,100,100,3400,S,1124,12.53,1124,12.53
1125,09:36:30,12.53,900,900,3400,S,1125,12.52,1124,12.53
1126,09:36:31,12.54,3000,5400,8800,B,1107,12.54,1126,12.54
1127,09:36:31,12.54,200,200,8800,B,1127,12.54,1126,12.54
1128,09:36:31,12.54,2000,2000,8800,B,1128,12.54,1126,12.54
1129,09:36:31,12.54,500,500,8800,B,1129,12.54,1126,12.54
1130,09:36:31,12.54,1100,1100,8800,B,1130,12.54,1126,12.54
1131,09:36:31,12.54,100,100,8800,B,1131,12.54,1126,12.54
1132,09:36:31,12.54,1900,50000,8800,B,1132,12.54,1126,12.54
1133,09:36:32,12.54,300,50000,300,B,1132,12.54,1133,12.54
1134,09:36:36,12.53,1800,1800,3400,S,1134,12.53,1124,12.53
1135,09:36:37,12.53,600,2100,3400,S,1135,12.53,1124,12.53
1136,09:36:39,12.53,1000,2100,1000,B,1135,12.53,1136,12.53
1137,09:36:39,12.53,500,2100,1500,B,1135,12.53,1137,12.53
1138,09:36:39,12.53,200,200,1500,B,1138,12.53,1137,12.53
1139,09:36:42,12.54,2100,50000,2100,B,1132,12.54,1139,12.54
1140,09:36:42,12.54,500,50000,500,B,1132,12.54,1140,12.55
1141,09:36:43,12.54,1400,50000,1400,B,1132,12.54,1141,12.54
1142,09:36:43,12.53,800,1000,1500,S,1142,12.53,1137,12.53
1143,09:36:43,12.53,200,1000,1000,S,1142,12.53,1143,12.53
1144,09:36:44,12.53,800,10000,1000,S,1144,12.53,1143,12.53
1145,09:36:44,12.53,800,10000,800,S,1144,12.53,1145,12.53
1146,09:36:44,12.53,8400,10000,10000,S,1144,12.53,1146,12.53
1147,09:36:44,12.53,100,100,10000,S,1147,12.49,1146,12.53
1148,09:36:45,12.53,300,300,10000,S,1148,12.52,1146,12.53
1149,09:36:49,12.53,1000,1000,10000,S,1149,12.52,1146,12.53
1150,09:36:54,12.53,100,100,10000,S,1150,12.49,1146,12.53
1151,09:36:55,12.53,100,3200,10000,S,1151,12.53,1146,12.53
1152,09:36:55,12.53,1000,3200,1000,S,1151,12.53,1152,12.53
1153,09:36:55,12.53,200,3200,200,S,1151,12.53,1153,12.53
1154,09:36:55,12.53,1400,3200,1400,S,1151,12.53,1154,12.53
1155,09:36:55,12.53,300,3200,300,S,1151,12.53,1155,12.53
1156,09:36:55,12.53,200,3200,700,S,1151,12.53,1156,12.53
1157,09:36:55,12.53,500,2600,700,S,1157,12.52,1156,12.53
1158,09:36:55,12.53,2100,2600,50000,S,1157,12.52,1158,12.53
1159,09:36:55,12.53,3200,3200,50000,S,1159,12.53,1158,12.53
1160,09:36:55,12.54,17200,50000,17200,B,1132,12.54,1160,12.54
1161,09:36:56,12.53,3000,3000,50000,S,1161,12.53,1158,12.53
1162,09:36:57,12.53,1300,1300,50000,S,1162,12.53,1158,12.53
1163,09:36:58,12.53,3100,3100,50000,S,1163,12.53,1158,12.53
1164,09:36:58,12.54,400,50000,400,B,1132,12.54,1164,12.55
1165,09:36:58,12.53,4700,4700,50000,S,1165,12.53,1158,12.53
1166,09:36:58,12.54,5800,50000,5800,B,1132,12.54,1166,12.54
1167,09:36:59,12.54,400,50000,400,B,1132,12.54,1167,12.54
1168,09:37:00,12.53,100,100,50000,S,1168,12.53,1158,12.53
1169,09:37:00,12.54,2100,50000,2100,B,1132,12.54,1169,12.54
1170,09:37:03,12.54,300,50000,300,B,1132,12.54,1170,12.54
1171,09:37:03,12.53,300,300,50000,S,1171,12.53,1158,12.53
1172,09:37:04,12.53,200,200,50000,S,1172,12.49,1158,12.53
1173,09:37:04,12.54,4800,50000,4800,B,1132,12.54,1173,12.54
1174,09:37:04,12.54,2700,50000,2700,B,1132,12.54,1174,12.54
1175,09:37:04,12.54,10100,50000,11100,B,1132,12.54,1175,12.54
1176,09:37:04,12.54,300,300,11100,B,1176,12.54,1175,12.54
1177,09:37:04,12.54,700,1400,11100,B,1177,12.54,1175,12.54
1178,09:37:04,12.54,700,1400,2400,B,1177,12.54,1178,12.54
1179,09:37:04,12.54,100,100,2400,B,1179,12.54,1178,12.54
1180,09:37:04,12.54,100,100,2400,B,1180,12.54,1178,12.54
1181,09:37:09,12.55,700,3100,700,B,942,12.55,1181,12.55
1182,09:37:11,12.55,1300,3100,1300,B,942,12.55,1182,12.55
1183,09:37:11,12.54,500,500,2400,S,1183,12.53,1178,12.54
1184,09:37:12,12.54,1000,1700,2400,S,1184,12.29,1178,12.54
1185,09:37:12,12.54,700,1700,1800,S,1184,12.29,1185,12.54
1186,09:37:14,12.55,200,3100,200,B,942,12.55,1186,12.55
1187,09:37:14,12.55,600,3100,2700,B,942,12.55,1187,12.55
1188,09:37:14,12.55,500,500,2700,B,1188,12.55,1187,12.55
1189,09:37:14,12.55,1600,13400,2700,B,1189,12.55,1187,12.55
1190,09:37:16,12.54,300,300,1800,S,1190,12.53,1185,12.54
1191,09:37:18,12.55,300,13400,300,B,1189,12.55,1191,12.56
1192,09:37:19,12.54,600,600,1800,S,1192,12.54,1185,12.54
1193,09:37:21,12.54,200,5000,1800,S,1193,12.54,1185,12.54
1194,09:37:21,12.54,700,5000,700,S,1193,12.54,1194,12.54
1195,09:37:21,12.54,2000,5000,2000,S,1193,12.54,1195,12.54
1196,09:37:21,12.54,700,5000,700,S,1193,12.54,1196,12.54
1197,09:37:21,12.54,500,5000,500,S,1193,12.54,1197,12.54
1198,09:37:21,12.54,500,5000,500,S,1193,12.54,1198,12.54
1199,09:37:21,12.54,400,5000,1800,S,1193,12.54,1199,12.54
1200,09:37:21,12.55,11500,13400,11900,B,1189,12.55,1200,12.55
1201,09:37:21,12.55,100,100,11900,B,1201,12.55,1200,12.55
1202,09:37:21,12.55,300,5000,11900,B,1202,12.55,1200,12.55
1203,09:37:21,12.54,1400,56500,1800,S,1203,12.54,1199,12.54
1204,09:37:21,12.54,2700,56500,2700,S,1203,12.54,1204,12.54
1205,09:37:21,12.54,500,56500,500,S,1203,12.54,1205,12.54
1206,09:37:21,12.54,100,56500,100,S,1203,12.54,1206,12.54
1207,09:37:21,12.54,100,56500,100,S,1203,12.54,1207,12.54
1208,09:37:21,12.54,50000,56500,50000,S,1203,12.54,1208,12.54
1209,09:37:21,12.54,1000,56500,1000,S,1203,12.54,1209,12.54
1210,09:37:21,12.54,200,56500,200,S,1203,12.54,1210,12.54
1211,09:37:21,12.54,500,56500,500,S,1203,12.54,1211,12.54
1212,09:37:22,12.55,4700,5000,13100,B,1202,12.55,1212,12.55
1213,09:37:22,12.55,2500,2500,13100,B,1213,12.55,1212,12.55
1214,09:37:22,12.55,600,600,13100,B,1214,12.55,1212,12.55
1215,09:37:22,12.55,100,100,13100,B,1215,12.55,1212,12.55
1216,09:37:22,12.55,2500,2500,13100,B,1216,12.55,1212,12.55
1217,09:37:24,12.56,1200,20000,1200,B,824,12.56,1217,12.56
1218,09:37:24,12.55,100,100,13100,S,1218,12.54,1212,12.55
1219,09:37:26,12.55,2300,2300,13100,S,1219,12.55,1212,12.55
1220,09:37:28,12.55,300,3100,13100,S,1220,12.55,1212,12.55
1221,09:37:28,12.55,1200,3100,1200,S,1220,12.55,1221,12.55
1222,09:37:28,12.55,900,3100,900,S,1220,12.55,1222,12.55
1223,09:37:28,12.55,400,3100,400,S,1220,12.55,1223,12.55
1224,09:37:28,12.55,300,3100,1000,S,1220,12.55,1224,12.55
1225,09:37:30,12.55,700,1000,1000,S,1225,12.54,1224,12.55
1226,09:37:30,12.55,300,1000,1000,S,1225,12.54,1226,12.55
1227,09:37:30,12.55,400,400,1000,S,1227,12.55,1226,12.55
1228,09:37:30,12.55,300,3800,1000,S,1228,12.55,1226,12.55
1229,09:37:30,12.55,100,3800,100,S,1228,12.55,1229,12.55
1230,09:37:30,12.55,1000,3800,1000,S,1228,12.55,1230,12.55
1231,09:37:30,12.55,200,3800,200,S,1228,12.55,1231,12.55
1232,09:37:32,12.55,300,3800,300,B,1228,12.55,1232,12.56
1233,09:37:32,12.55,1200,3800,1200,B,1228,12.55,1233,12.56
1234,09:37:32,12.54,100,100,100,S,1234,12.54,1234,12.54
1235,09:37:33,12.55,300,3800,300,B,1228,12.55,1235,12.55
1236,09:37:33,12.55,400,3800,500,B,1228,12.55,1236,12.56
1237,09:37:33,12.56,100,20000,500,B,824,12.56,1236,12.56
1238,09:37:34,12.55,200,200,700,B,1238,12.55,1238,12.55
1239,09:37:34,12.55,100,100,700,S,1239,12.55,1238,12.55
1240,09:37:34,12.55,100,100,700,S,1240,12.5,1238,12.55
1241,09:37:34,12.55,300,400,700,S,1241,12.55,1238,12.55
1242,09:37:34,12.55,100,400,100,S,1241,12.55,1242,12.55
1243,09:37:34,12.55,500,500,600,S,1243,12.55,1243,12.55
1244,09:37:34,12.55,100,400,600,S,1244,12.55,1243,12.55
1245,09:37:34,12.55,300,400,400,S,1244,12.55,1245,12.55
1246,09:37:35,12.56,3000,20000,3000,B,824,12.56,1246,12.56
1247,09:37:36,12.55,100,300,400,S,1247,12.54,1245,12.55
1248,09:37:36,12.55,200,300,2500,S,1247,12.54,1248,12.55
1249,09:37:38,12.56,100,20000,100,B,824,12.56,1249,12.56
1250,09:37:40,12.56,1300,20000,1300,B,824,12.56,1250,12.56
1251,09:37:40,12.56,200,20000,200,B,824,12.56,1251,12.57
1252,09:37:41,12.56,100,20000,100,B,824,12.56,1252,12.56
1253,09:37:44,12.55,100,100,2500,S,1253,12.51,1248,12.55
1254,09:37:45,12.56,600,20000,600,B,824,12.56,1254,12.56
1255,09:37:45,12.56,500,20000,500,B,824,12.56,1255,12.56
1256,09:37:45,12.56,700,20000,700,B,824,12.56,1256,12.56
1257,09:37:45,12.56,100,20000,100,B,824,12.56,1257,12.56
1258,09:37:45,12.55,800,800,2500,S,1258,12.55,1248,12.55
1259,09:37:47,12.56,3500,20000,15000,B,824,12.56,1259,12.59
1260,09:37:47,12.56,600,600,15000,B,1260,12.56,1259,12.59
1261,09:37:47,12.56,200,200,15000,B,1261,12.56,1259,12.59
1262,09:37:47,12.56,4000,4000,15000,B,1262,12.56,1259,12.59
1263,09:37:47,12.56,2500,2500,15000,B,1263,12.56,1259,12.59
1264,09:37:47,12.56,2000,2000,15000,B,1264,12.56,1259,12.59
1265,09:37:47,12.56,2000,2000,15000,B,1265,12.56,1259,12.59
1266,09:37:47,12.56,200,2600,15000,B,1266,12.56,1259,12.59
1267,09:37:48,12.56,1200,2600,1200,B,1266,12.56,1267,12.56
1268,09:37:49,12.56,200,2600,200,B,1266,12.56,1268,12.56
1269,09:37:49,12.55,1000,1000,2500,S,1269,12.53,1248,12.55
1270,09:37:51,12.55,100,100,2500,S,1270,12.55,1248,12.55
1271,09:37:51,12.56,100,2600,100,B,1266,12.56,1271,12.56
1272,09:37:52,12.56,900,2600,5000,B,1266,12.56,1272,12.56
1273,09:37:52,12.56,2000,2000,5000,B,1273,12.56,1272,12.56
1274,09:37:52,12.56,100,100,5000,B,1274,12.56,1272,12.56
1275,09:37:52,12.56,2000,3000,5000,B,1275,12.56,1272,12.56
1276,09:37:53,12.55,200,200,2500,S,1276,12.55,1248,12.55
1277,09:37:53,12.56,500,3000,500,B,1275,12.56,1277,12.56
1278,09:37:54,12.56,500,3000,1000,B,1275,12.56,1278,12.56
1279,09:37:54,12.56,500,2100,1000,S,1279,12.51,1278,12.56
1280,09:37:54,12.55,100,2100,2500,S,1279,12.51,1248,12.55
1281,09:37:54,12.55,100,2100,100,S,1279,12.51,1281,12.55
1282,09:37:54,12.55,100,2100,100,S,1279,12.51,1282,12.55
1283,09:37:54,12.55,100,2100,100,S,1279,12.51,1283,12.55
1284,09:37:54,12.55,100,2100,100,S,1279,12.51,1284,12.55
1285,09:37:54,12.55,100,2100,100,S,1279,12.51,1285,12.55
1286,09:37:54,12.55,1000,2100,3000,S,1279,12.51,1286,12.55
1287,09:37:54,12.55,100,100,3000,S,1287,12.51,1286,12.55
1288,09:37:55,12.56,1300,3000,1300,S,1288,12.56,1288,12.56
1289,09:37:56,12.56,400,3000,400,B,1288,12.56,1289,12.56
1290,09:37:56,12.56,700,3000,700,B,1288,12.56,1290,12.56
1291,09:37:56,12.56,100,3000,100,B,1288,12.56,1291,12.56
1292,09:37:56,12.56,500,3000,700,B,1288,12.56,1292,12.56
1293,09:37:56,12.56,200,1600,700,S,1293,12.56,1292,12.56
1294,09:37:56,12.56,100,1600,100,B,1293,12.56,1294,12.56
1295,09:37:57,12.55,300,300,3000,S,1295,12.54,1286,12.55
1296,09:37:57,12.56,100,1600,100,B,1293,12.56,1296,12.56
1297,09:37:57,12.56,100,1600,100,B,1293,12.56,1297,12.56
1298,09:37:57,12.56,1100,1600,2000,B,1293,12.56,1298,12.56
1299,09:37:58,12.56,900,2800,2000,S,1299,12.56,1298,12.56
1300,09:37:58,12.56,600,2800,600,S,1299,12.56,1300,12.56
1301,09:37:58,12.55,1600,3100,3000,S,1301,12.55,1286,12.55
1302,09:37:58,12.55,1500,3100,2000,S,1301,12.55,1302,12.55
1303,09:37:58,12.56,1300,2800,3000,B,1299,12.56,1303,12.56
1304,09:38:00,12.56,100,100,3000,S,1304,12.55,1303,12.56
1305,09:38:00,12.56,100,100,3000,S,1305,12.56,1303,12.56
1306,09:38:00,12.56,100,100,3000,S,1306,12.56,1303,12.56
1307,09:38:00,12.56,100,100,3000,S,1307,12.56,1303,12.56
1308,09:38:00,12.56,1300,1600,3000,S,1308,12.3,1303,12.56
1309,09:38:00,12.56,200,1600,200,S,1308,12.3,1309,12.56
1310,09:38:00,12.55,100,1600,2000,S,1308,12.3,1302,12.55
1311,09:38:00,12.56,300,1600,300,S,1311,12.56,1311,12.56
1312,09:38:00,12.56,1300,1600,2700,B,1311,12.56,1312,12.56
1313,09:38:00,12.56,500,500,2700,B,1313,12.56,1312,12.56
1314,09:38:01,12.57,500,13000,500,B,798,12.57,1314,12.57
1315,09:38:02,12.57,300,13000,300,B,798,12.57,1315,12.57
1316,09:38:03,12.56,400,400,2700,S,1316,12.56,1312,12.56
1317,09:38:06,12.57,700,13000,700,B,798,12.57,1317,12.57
1318,09:38:06,12.56,400,400,2700,S,1318,12.56,1312,12.56
1319,09:38:06,12.57,5000,13000,5000,B,798,12.57,1319,12.57
1320,09:38:07,12.57,100,13000,100,B,798,12.57,1320,12.57
1321,09:38:07,12.57,700,13000,700,B,798,12.57,1321,12.57
1322,09:38:07,12.57,400,13000,400,B,798,12.57,1322,12.57
1323,09:38:07,12.57,500,13000,500,B,798,12.57,1323,12.57
1324,09:38:07,12.56,100,200,2700,S,1324,12.56,1312,12.56
1325,09:38:07,12.56,100,200,100,S,1324,12.56,1325,12.56
1326,09:38:08,12.56,2500,7900,2500,S,1326,12.31,1326,12.56
1327,09:38:08,12.56,2300,7900,2300,S,1326,12.31,1327,12.56
1328,09:38:08,12.56,200,7900,200,S,1326,12.31,1328,12.56
1329,09:38:08,12.56,1800,7900,1800,S,1326,12.31,1329,12.56
1330,09:38:08,12.56,500,7900,500,S,1326,12.31,1330,12.56
1331,09:38:08,12.56,600,7900,1000,S,1326,12.31,1331,12.56
1332,09:38:09,12.56,400,1800,1000,S,1332,12.56,1331,12.56
1333,09:38:09,12.56,1400,1800,1400,S,1332,12.56,1333,12.56
1334,09:38:10,12.56,500,500,1500,B,1334,12.56,1334,13.83
1335,09:38:10,12.56,100,100,1500,B,1335,12.56,1334,13.83
1336,09:38:10,12.57,900,13000,1500,B,798,12.57,1334,13.83
1337,09:38:10,12.57,400,13000,400,B,798,12.57,1337,12.58
1338,09:38:11,12.57,1200,13000,1200,B,798,12.57,1338,12.57
1339,09:38:12,12.57,300,13000,3000,B,798,12.57,1339,12.57
1340,09:38:12,12.57,2700,17000,3000,B,1340,12.57,1339,12.57
1341,09:38:14,12.56,400,30000,400,B,1341,12.56,1341,12.56
1342,09:38:15,12.56,1000,30000,1000,B,1341,12.56,1342,12.56
1343,09:38:15,12.55,100,100,2000,S,1343,12.55,1302,12.55
1344,09:38:15,12.56,500,30000,500,B,1341,12.56,1344,12.56
1345,09:38:16,12.56,700,30000,700,B,1341,12.56,1345,12.57
1346,09:38:17,12.55,300,300,2000,S,1346,12.55,1302,12.55
1347,09:38:18,12.56,400,30000,400,B,1341,12.56,1347,12.56
1348,09:38:18,12.56,600,30000,600,B,1341,12.56,1348,12.56
1349,09:38:18,12.56,600,30000,600,B,1341,12.56,1349,12.56
1350,09:38:18,12.56,100,30000,100,B,1341,12.56,1350,12.56
1351,09:38:18,12.55,400,400,5000,S,1351,12.54,1351,12.55
1352,09:38:18,12.56,1000,30000,1000,B,1341,12.56,1352,12.56
1353,09:38:20,12.56,4000,30000,4000,B,1341,12.56,1353,12.56
1354,09:38:20,12.56,300,30000,300,B,1341,12.56,1354,12.57
1355,09:38:21,12.56,200,30000,200,B,1341,12.56,1355,12.59
1356,09:38:24,12.56,500,30000,500,B,1341,12.56,1356,12.56
1357,09:38:26,12.55,500,500,5000,S,1357,12.54,1351,12.55
1358,09:38:26,12.55,500,500,5000,S,1358,12.55,1351,12.55
1359,09:38:27,12.55,400,400,5000,S,1359,12.55,1351,12.55
1360,09:38:27,12.55,700,700,5000,S,1360,12.55,1351,12.55
1361,09:38:27,12.55,2000,2000,5000,S,1361,12.55,1351,12.55
1362,09:38:27,12.56,900,30000,900,B,1341,12.56,1362,12.56
1363,09:38:28,12.55,200,200,5000,S,1363,12.55,1351,12.55
1364,09:38:28,12.55,300,3100,5000,S,1364,12.55,1351,12.55
1365,09:38:28,12.55,200,3100,200,S,1364,12.55,1365,12.55
1366,09:38:28,12.55,600,3100,600,S,1364,12.55,1366,12.55
1367,09:38:28,12.55,2000,3100,2100,S,1364,12.55,1367,12.55
1368,09:38:29,12.56,700,30000,700,B,1341,12.56,1368,12.56
1369,09:38:29,12.56,100,30000,100,B,1341,12.56,1369,12.56
1370,09:38:29,12.56,600,30000,600,B,1341,12.56,1370,12.56
1371,09:38:29,12.56,400,30000,400,B,1341,12.56,1371,12.56
1372,09:38:30,12.56,4400,30000,4400,B,1341,12.56,1372,12.56
1373,09:38:30,12.55,100,100,2100,S,1373,12.55,1367,12.55
1374,09:38:30,12.55,600,700,600,S,1374,12.55,1374,12.55
1375,09:38:30,12.55,100,700,100,S,1374,12.55,1375,12.55
1376,09:38:30,12.56,1000,30000,1000,B,1341,12.56,1376,12.56
1377,09:38:30,12.55,100,100,500,S,1377,12.55,1377,12.55
1378,09:38:32,12.56,1100,30000,1100,B,1341,12.56,1378,12.56
1379,09:38:32,12.56,500,30000,500,B,1341,12.56,1379,12.56
1380,09:38:33,12.55,100,100,500,S,1380,12.55,1377,12.55
1381,09:38:33,12.55,200,200,500,S,1381,12.55,1377,12.55
1382,09:38:34,12.56,10000,30000,25000,B,1341,12.56,1382,12.56
1383,09:38:34,12.56,2700,2700,25000,B,1383,12.56,1382,12.56
1384,09:38:34,12.56,3200,3200,25000,B,1384,12.56,1382,12.56
1385,09:38:34,12.56,200,200,25000,B,1385,12.56,1382,12.56
1386,09:38:34,12.56,300,300,25000,B,1386,12.56,1382,12.56
1387,09:38:34,12.56,300,300,25000,B,1387,12.56,1382,12.56
1388,09:38:34,12.56,1500,1500,25000,S,1388,12.56,1382,12.56
1389,09:38:35,12.56,200,200,25000,S,1389,12.56,1382,12.56
1390,09:38:36,12.56,600,600,25000,S,1390,12.56,1382,12.56
1391,09:38:36,12.56,300,300,25000,S,1391,12.56,1382,12.56
1392,09:38:36,12.56,300,300,25000,S,1392,12.56,1382,12.56
1393,09:38:36,12.56,5400,6000,25000,S,1393,12.56,1382,12.56
1394,09:38:36,12.56,300,6000,300,S,1393,12.56,1394,12.56
1395,09:38:36,12.56,100,6000,100,B,1393,12.56,1395,12.56
1396,09:38:36,12.56,200,6000,800,B,1393,12.56,1396,12.56
1397,09:38:36,12.56,600,3100,800,S,1397,12.51,1396,12.56
1398,09:38:36,12.56,1800,3100,1800,S,1397,12.51,1398,12.56
1399,09:38:36,12.55,100,3100,500,S,1397,12.51,1377,12.55
1400,09:38:36,12.55,600,3100,800,S,1397,12.51,1400,12.55
1401,09:38:37,12.56,700,700,1000,B,1401,12.56,1401,12.57
1402,09:38:37,12.56,300,300,1000,B,1402,12.56,1401,12.57
1403,09:38:37,12.56,100,400,100,B,1403,12.56,1403,12.56
1404,09:38:38,12.56,300,400,500,B,1403,12.56,1404,12.56
1405,09:38:38,12.56,200,200,500,S,1405,12.55,1404,12.56
1406,09:38:39,12.56,100,100,100,S,1406,12.56,1406,12.56
1407,09:38:39,12.56,100,100,300,S,1407,12.56,1407,12.56
1408,09:38:39,12.56,100,100,300,S,1408,12.56,1407,12.56
1409,09:38:39,12.56,100,100,300,S,1409,12.55,1407,12.56
1410,09:38:40,12.56,700,3000,700,B,1410,12.56,1410,12.57
1411,09:38:40,12.56,600,3000,600,B,1410,12.56,1411,12.57
1412,09:38:40,12.56,500,3000,500,B,1410,12.56,1412,12.57
1413,09:38:40,12.56,100,3000,100,B,1410,12.56,1413,12.57
1414,09:38:40,12.56,400,3000,400,B,1410,12.56,1414,12.58
1415,09:38:41,12.55,200,500,800,S,1415,12.55,1400,12.55
1416,09:38:41,12.55,300,500,1000,S,1415,12.55,1416,12.55
1417,09:38:41,12.56,700,3000,2900,B,1410,12.56,1417,12.57
1418,09:38:41,12.57,2200,17000,2900,B,1340,12.57,1417,12.57
1419,09:38:45,12.55,100,100,1000,S,1419,12.55,1416,12.55
1420,09:38:45,12.56,200,200,700,B,1420,12.56,1420,12.56
1421,09:38:45,12.56,500,500,700,B,1421,12.56,1420,12.56
1422,09:38:45,12.55,200,200,1000,S,1422,12.55,1416,12.55
1423,09:38:46,12.56,200,200,1000,B,1423,12.56,1423,12.56
1424,09:38:46,12.56,200,200,1000,B,1424,12.56,1423,12.56
1425,09:38:46,12.56,200,200,1000,B,1425,12.56,1423,12.56
1426,09:38:46,12.56,300,300,1000,S,1426,12.55,1423,12.56
1427,09:38:48,12.56,100,100,1000,S,1427,12.56,1423,12.56
1428,09:38:48,12.55,400,1000,1000,S,1428,12.55,1416,12.55
1429,09:38:48,12.55,200,1000,200,S,1428,12.55,1429,12.55
1430,09:38:48,12.55,200,1000,200,S,1428,12.55,1430,12.55
1431,09:38:48,12.55,200,1000,1000,S,1428,12.55,1431,12.55
1432,09:38:48,12.55,200,200,1000,S,1432,12.55,1431,12.55
1433,09:38:48,12.55,200,200,1000,S,1433,12.55,1431,12.55
1434,09:38:48,12.55,200,200,1000,S,1434,12.55,1431,12.55
1435,09:38:48,12.55,200,3700,1000,S,1435,12.55,1431,12.55
1436,09:38:48,12.55,3000,3700,3000,S,1435,12.55,1436,12.55
1437,09:38:48,12.55,500,3700,1500,S,1435,12.55,1437,12.55
1438,09:38:48,12.55,200,200,1500,S,1438,12.55,1437,12.55
1439,09:38:49,12.55,200,200,1500,S,1439,12.55,1437,12.55
1440,09:38:49,12.55,200,200,1500,S,1440,12.55,1437,12.55
1441,09:38:50,12.55,200,200,1500,S,1441,12.55,1437,12.55
1442,09:38:50,12.55,200,200,1500,S,1442,12.55,1437,12.55
1443,09:38:50,12.55,100,100,600,S,1443,12.31,1443,12.55
1444,09:38:50,12.55,200,200,600,S,1444,12.55,1443,12.55
1445,09:38:50,12.55,200,200,600,S,1445,12.55,1443,12.55
1446,09:38:50,12.55,100,1300,600,S,1446,12.55,1443,12.55
1447,09:38:50,12.55,1200,1300,1400,S,1446,12.55,1447,12.55
1448,09:38:51,12.56,100,100,700,B,1448,12.56,1448,12.57
1449,09:38:51,12.56,500,500,700,B,1449,12.56,1448,12.57
1450,09:38:51,12.56,100,100,700,B,1450,12.56,1448,12.57
1451,09:38:51,12.56,100,900,100,B,1451,12.56,1451,12.57
1452,09:38:51,12.56,700,900,700,B,1451,12.56,1452,12.57
1453,09:38:51,12.56,100,900,400,B,1451,12.56,1453,12.57
1454,09:38:51,12.57,300,17000,400,B,1340,12.57,1453,12.57
1455,09:38:51,12.55,200,2900,1400,S,1455,12.54,1447,12.55
1456,09:38:51,12.55,2700,2900,5000,S,1455,12.54,1456,12.55
1457,09:38:51,12.55,500,500,5000,S,1457,12.55,1456,12.55
1458,09:38:51,12.55,1200,1200,5000,S,1458,12.55,1456,12.55
1459,09:38:51,12.55,500,500,5000,S,1459,12.55,1456,12.55
1460,09:38:51,12.55,100,700,5000,S,1460,12.54,1456,12.55
1461,09:38:51,12.55,500,700,500,S,1460,12.54,1461,12.55
1462,09:38:51,12.55,100,700,200,S,1460,12.54,1462,12.55
1463,09:38:52,12.56,300,300,600,B,1463,12.56,1463,12.57
1464,09:38:52,12.56,300,400,600,B,1464,12.56,1463,12.57
1465,09:38:53,12.56,100,400,6000,B,1464,12.56,1465,12.56
1466,09:38:53,12.56,5900,5900,6000,S,1466,12.56,1465,12.56
1467,09:38:54,12.55,100,500,200,S,1467,12.55,1462,12.55
1468,09:38:54,12.55,400,500,1000,S,1467,12.55,1468,12.55
1469,09:38:54,12.55,200,200,1000,S,1469,12.55,1468,12.55
1470,09:38:54,12.55,400,600,1000,S,1470,12.55,1468,12.55
1471,09:38:54,12.55,200,600,1000,S,1470,12.55,1471,12.55
1472,09:38:54,12.55,200,200,1000,S,1472,12.55,1471,12.55
1473,09:38:55,12.55,600,900,1000,S,1473,12.55,1471,12.55
1474,09:38:55,12.55,200,900,200,S,1473,12.55,1474,12.55
1475,09:38:55,12.55,100,900,500,S,1473,12.55,1475,12.55
1476,09:38:55,12.56,100,900,100,B,1476,12.56,1476,12.57
1477,09:38:56,12.56,700,900,700,B,1476,12.56,1477,12.56
1478,09:38:57,12.55,400,400,500,S,1478,12.55,1475,12.55
1479,09:38:57,12.55,300,700,300,S,1479,12.55,1479,12.55
1480,09:38:57,12.55,400,700,500,S,1479,12.55,1480,12.55
1481,09:38:57,12.55,100,100,500,S,1481,12.55,1480,12.55
1482,09:38:57,12.55,300,400,300,S,1482,12.55,1482,12.55
1483,09:38:57,12.55,100,400,3200,S,1482,12.55,1483,12.55
1484,09:38:58,12.56,100,900,700,B,1476,12.56,1484,12.57
1485,09:38:58,12.56,200,200,700,B,1485,12.56,1484,12.57
1486,09:38:58,12.56,200,200,700,B,1486,12.56,1484,12.57
1487,09:38:58,12.56,200,500,700,B,1487,12.56,1484,12.57
1488,09:38:58,12.56,100,500,100,B,1487,12.56,1488,12.56
1489,09:38:58,12.56,200,500,3000,B,1487,12.56,1489,12.56
1490,09:38:58,12.56,2800,7600,3000,S,1490,12.3,1489,12.56
1491,09:38:58,12.55,3100,7600,3200,S,1490,12.3,1483,12.55
1492,09:38:58,12.55,500,7600,500,S,1490,12.3,1492,12.55
1493,09:38:58,12.55,800,7600,800,S,1490,12.3,1493,12.55
1494,09:38:58,12.55,300,7600,300,S,1490,12.3,1494,12.55
1495,09:38:58,12.55,100,7600,500,S,1490,12.3,1495,12.55
1496,09:38:58,12.55,400,3100,500,S,1496,12.55,1495,12.55
1497,09:39:00,12.55,400,3100,400,B,1496,12.55,1497,12.58
1498,09:39:00,12.54,700,3900,700,S,1498,12.54,1498,12.54
1499,09:39:00,12.54,200,3900,200,S,1498,12.54,1499,12.54
1500,09:39:00,12.54,2600,3900,2600,S,1498,12.54,1500,12.54
1501,09:39:00,12.54,400,3900,1900,S,1498,12.54,1501,12.54
1502,09:39:00,12.54,800,800,1900,S,1502,12.54,1501,12.54
1503,09:39:00,12.54,400,400,1900,S,1503,12.54,1501,12.54
1504,09:39:00,12.54,300,800,1900,S,1504,12.54,1501,12.54
1505,09:39:00,12.54,200,800,200,S,1504,12.54,1505,12.54
1506,09:39:00,12.54,100,800,100,S,1504,12.54,1506,12.54
1507,09:39:00,12.54,200,800,60000,S,1504,12.54,1507,12.54
1508,09:39:00,12.54,1400,1400,60000,S,1508,12.54,1507,12.54
1509,09:39:00,12.54,800,800,60000,S,1509,12.54,1507,12.54
1510,09:39:00,12.54,400,400,60000,S,1510,12.54,1507,12.54
1511,09:39:01,12.55,700,3100,700,B,1496,12.55,1511,12.61
1512,09:39:01,12.54,200,200,60000,S,1512,12.54,1507,12.54
1513,09:39:01,12.54,900,900,60000,S,1513,12.54,1507,12.54
1514,09:39:01,12.54,2200,2200,60000,S,1514,12.54,1507,12.54
1515,09:39:01,12.54,1100,1100,60000,S,1515,12.54,1507,12.54
1516,09:39:01,12.54,1200,1200,60000,S,1516,12.54,1507,12.54
1517,09:39:01,12.54,1000,1000,60000,S,1517,12.54,1507,12.54
1518,09:39:02,12.54,900,900,60000,S,1518,12.54,1507,12.54
1519,09:39:02,12.54,300,300,60000,S,1519,12.54,1507,12.54
1520,09:39:02,12.55,300,3100,300,B,1496,12.55,1520,12.55
1521,09:39:02,12.54,200,200,60000,S,1521,12.54,1507,12.54
1522,09:39:02,12.54,500,500,60000,S,1522,12.54,1507,12.54
1523,09:39:02,12.54,700,700,60000,S,1523,12.54,1507,12.54
1524,09:39:02,12.54,900,900,60000,S,1524,12.54,1507,12.54
1525,09:39:02,12.54,600,600,60000,S,1525,12.54,1507,12.54
1526,09:39:02,12.54,500,500,60000,S,1526,12.54,1507,12.54
1527,09:39:02,12.55,700,3100,700,B,1496,12.55,1527,12.55
1528,09:39:02,12.55,100,3100,100,B,1496,12.55,1528,12.55
1529,09:39:02,12.55,500,3100,500,B,1496,12.55,1529,12.55
1530,09:39:03,12.54,300,300,60000,S,1530,12.54,1507,12.54
1531,09:39:03,12.54,200,200,60000,S,1531,12.54,1507,12.54
1532,09:39:03,12.55,100,100,400,B,1532,12.55,1532,12.55
1533,09:39:03,12.55,300,2000,400,B,1533,12.55,1532,12.55
1534,09:39:03,12.54,600,600,60000,S,1534,12.54,1507,12.54
1535,09:39:03,12.54,500,500,60000,S,1535,12.54,1507,12.54
1536,09:39:03,12.54,600,600,60000,S,1536,12.54,1507,12.54
1537,09:39:03,12.54,6300,6300,60000,S,1537,12.54,1507,12.54
1538,09:39:03,12.55,1700,2000,4500,B,1533,12.55,1538,12.55
1539,09:39:03,12.55,2800,6700,4500,S,1539,12.54,1538,12.55
1540,09:39:03,12.54,3900,6700,60000,S,1539,12.54,1507,12.54
1541,09:39:04,12.54,300,300,60000,S,1541,12.54,1507,12.54
1542,09:39:04,12.54,33300,51000,60000,S,1542,12.29,1507,12.54
1543,09:39:04,12.54,200,51000,200,S,1542,12.29,1543,12.54
1544,09:39:04,12.54,500,51000,500,S,1542,12.29,1544,12.54
1545,09:39:04,12.54,2400,51000,2400,S,1542,12.29,1545,12.54
1546,09:39:04,12.54,600,51000,600,S,1542,12.29,1546,12.54
1547,09:39:04,12.54,500,51000,500,S,1542,12.29,1547,12.54
1548,09:39:04,12.54,500,51000,500,S,1542,12.29,1548,12.54
1549,09:39:04,12.54,100,51000,100,S,1542,12.29,1549,12.54
1550,09:39:04,12.53,12900,51000,50000,S,1542,12.29,1158,12.53
1551,09:39:05,12.55,1200,1200,1200,S,1551,12.55,1551,12.55
1552,09:39:05,12.53,2800,2800,50000,S,1552,12.53,1158,12.53
1553,09:39:05,12.54,400,400,600,B,1553,12.54,1553,12.55
1554,09:39:05,12.55,200,2400,600,S,1554,12.54,1553,12.55
1555,09:39:06,12.54,300,2400,300,B,1554,12.54,1555,12.55
1556,09:39:06,12.53,10400,10400,50000,S,1556,12.53,1158,12.53
1557,09:39:06,12.53,5900,6300,50000,S,1557,12.53,1158,12.53
1558,09:39:06,12.53,400,6300,2500,S,1557,12.53,1558,12.53
1559,09:39:06,12.53,2100,6800,2500,S,1559,12.53,1558,12.53
1560,09:39:06,12.53,4700,6800,5200,S,1559,12.53,1560,12.53
1561,09:39:06,12.53,300,300,5200,S,1561,12.53,1560,12.53
1562,09:39:06,12.53,200,1400,5200,S,1562,12.53,1560,12.53
1563,09:39:06,12.53,1200,1400,35000,S,1562,12.53,1563,12.53
1564,09:39:06,12.53,400,400,35000,S,1564,12.53,1563,12.53
1565,09:39:07,12.56,200,200,1600,B,1565,12.56,1565,12.57
1566,09:39:07,12.56,1400,2000,1600,B,1566,12.56,1565,12.57
1567,09:39:07,12.53,600,600,35000,S,1567,12.53,1563,12.53
1568,09:39:08,12.53,600,600,35000,S,1568,12.53,1563,12.53
1569,09:39:08,12.54,900,2000,900,B,1569,12.54,1569,12.54
1570,09:39:09,12.53,4700,4700,35000,S,1570,12.53,1563,12.53
1571,09:39:09,12.53,2700,2700,35000,S,1571,12.53,1563,12.53
1572,09:39:09,12.53,3200,3200,35000,S,1572,12.53,1563,12.53
1573,09:39:09,12.53,200,200,35000,S,1573,12.53,1563,12.53
1574,09:39:09,12.53,7900,7900,35000,S,1574,12.53,1563,12.53
1575,09:39:09,12.53,800,800,35000,S,1575,12.53,1563,12.53
1576,09:39:10,12.53,1300,1300,35000,S,1576,12.53,1563,12.53
1577,09:39:10,12.53,400,400,35000,S,1577,12.53,1563,12.53
1578,09:39:10,12.53,300,300,35000,S,1578,12.53,1563,12.53
1579,09:39:11,12.54,500,2000,500,B,1569,12.54,1579,12.55
1580,09:39:12,12.53,6500,6500,35000,S,1580,12.53,1563,12.53
1581,09:39:12,12.53,4200,7400,35000,S,1581,12.53,1563,12.53
1582,09:39:12,12.53,1000,7400,1000,S,1581,12.53,1582,12.53
1583,09:39:12,12.53,1000,7400,1000,S,1581,12.53,1583,12.53
1584,09:39:12,12.53,1000,7400,1000,S,1581,12.53,1584,12.53
1585,09:39:12,12.53,200,7400,1000,S,1581,12.53,1585,12.53
1586,09:39:12,12.53,800,5300,1000,S,1586,12.53,1585,12.53
1587,09:39:12,12.53,1300,5300,1300,S,1586,12.53,1587,12.53
1588,09:39:12,12.53,3200,5300,4000,S,1586,12.53,1588,12.53
1589,09:39:12,12.53,800,1400,4000,S,1589,12.53,1588,12.53
1590,09:39:12,12.53,600,1400,600,S,1589,12.53,1590,12.53
1591,09:39:12,12.54,600,2000,600,B,1569,12.54,1591,12.54
1592,09:39:12,12.53,2000,2000,5000,S,1592,12.53,1592,12.53
1593,09:39:12,12.54,100,1500,100,B,1593,12.54,1593,12.54
1594,09:39:13,12.53,3000,10000,5000,S,1594,12.52,1592,12.53
1595,09:39:13,12.53,7000,10000,9000,S,1594,12.52,1595,12.53
1596,09:39:13,12.53,300,300,9000,S,1596,12.53,1595,12.53
1597,09:39:13,12.53,300,300,9000,S,1597,12.53,1595,12.53
1598,09:39:13,12.54,100,1500,100,B,1593,12.54,1598,12.54
1599,09:39:13,12.54,1000,1500,1000,B,1593,12.54,1599,12.55
1600,09:39:13,12.54,300,1500,400,B,1593,12.54,1600,12.54
1601,09:39:13,12.54,100,100,400,B,1601,12.54,1600,12.54
1602,09:39:14,12.54,300,300,700,S,1602,12.52,1602,12.54
1603,09:39:14,12.54,400,600,700,S,1603,12.53,1602,12.54
1604,09:39:14,12.54,200,600,600,S,1603,12.53,1604,12.54
1605,09:39:14,12.54,400,1200,600,S,1605,12.53,1604,12.54
1606,09:39:14,12.54,100,1200,100,S,1605,12.53,1606,12.54
1607,09:39:14,12.53,700,1200,9000,S,1605,12.53,1595,12.53
1608,09:39:14,12.53,300,300,9000,S,1608,12.52,1595,12.53
1609,09:39:14,12.53,200,200,9000,S,1609,12.53,1595,12.53
1610,09:39:14,12.54,100,100,2700,S,1610,12.53,1610,12.54
1611,09:39:15,12.54,1700,1700,2700,S,1611,12.53,1610,12.54
1612,09:39:15,12.54,900,900,2700,S,1612,12.54,1610,12.54
1613,09:39:15,12.53,200,5800,9000,S,1613,12.52,1595,12.53
1614,09:39:15,12.53,5600,5800,11300,S,1613,12.52,1614,12.53
1615,09:39:15,12.53,3600,3600,11300,S,1615,12.52,1614,12.53
1616,09:39:15,12.53,2100,5600,11300,S,1616,12.52,1614,12.53
1617,09:39:15,12.53,3500,5600,29600,S,1616,12.52,1617,12.53
1618,09:39:15,12.53,2400,2400,29600,S,1618,12.53,1617,12.53
1619,09:39:15,12.53,1000,1000,29600,S,1619,12.52,1617,12.53
1620,09:39:15,12.53,12100,12100,29600,S,1620,12.52,1617,12.53
1621,09:39:15,12.53,500,500,29600,S,1621,12.52,1617,12.53
1622,09:39:15,12.53,1200,1200,29600,S,1622,12.52,1617,12.53
1623,09:39:15,12.53,500,500,29600,S,1623,12.52,1617,12.53
1624,09:39:16,12.53,2200,2200,29600,S,1624,12.52,1617,12.53
1625,09:39:16,12.53,800,800,29600,S,1625,12.52,1617,12.53
1626,09:39:16,12.53,1000,1000,29600,S,1626,12.52,1617,12.53
1627,09:39:16,12.54,200,200,3000,B,1627,12.54,1627,12.54
1628,09:39:16,12.54,400,400,3000,B,1628,12.54,1627,12.54
1629,09:39:16,12.54,200,200,3000,B,1629,12.54,1627,12.54
1630,09:39:16,12.54,200,200,3000,B,1630,12.54,1627,12.54
1631,09:39:16,12.54,2000,6700,3000,B,1631,12.54,1627,12.54
1632,09:39:16,12.53,3900,3900,29600,S,1632,12.53,1617,12.53
1633,09:39:17,12.53,1,1,29600,S,1633,12.53,1617,12.53
1634,09:39:17,12.53,400,400,29600,S,1634,12.52,1617,12.53
1635,09:39:17,12.53,99,700,29600,S,1635,12.53,1617,12.53
1636,09:39:17,12.53,100,700,100,S,1635,12.53,1636,12.53
1637,09:39:17,12.53,501,700,1000,S,1635,12.53,1637,12.53
1638,09:39:17,12.54,700,6700,700,B,1631,12.54,1638,12.55
1639,09:39:18,12.53,499,31900,1000,S,1639,12.53,1637,12.53
1640,09:39:18,12.53,1000,31900,1000,S,1639,12.53,1640,12.53
1641,09:39:18,12.53,2600,31900,2600,S,1639,12.53,1641,12.53
1642,09:39:18,12.53,4000,31900,4000,S,1639,12.53,1642,12.53
1643,09:39:18,12.53,1000,31900,1000,S,1639,12.53,1643,12.53
1644,09:39:18,12.52,1200,9200,2000,S,1644,12.52,1105,12.52
1645,09:39:18,12.52,2700,9200,2700,S,1644,12.52,1645,12.52
1646,09:39:18,12.52,3000,9200,3000,S,1644,12.52,1646,12.52
1647,09:39:18,12.52,400,9200,400,S,1644,12.52,1647,12.52
1648,09:39:18,12.52,200,9200,200,S,1644,12.52,1648,12.52
1649,09:39:18,12.52,500,9200,500,S,1644,12.52,1649,12.52
1650,09:39:18,12.52,1200,9200,3000,S,1644,12.52,1650,12.52
1651,09:39:18,12.52,1800,1900,3000,S,1651,12.52,1650,12.52
1652,09:39:18,12.52,100,1900,100,S,1651,12.52,1652,12.52
1653,09:39:18,12.52,2000,18400,2000,S,1653,12.51,1653,12.52
1654,09:39:18,12.52,2000,18400,2000,S,1653,12.51,1654,12.52
1655,09:39:18,12.52,2700,18400,2700,S,1653,12.51,1655,12.52
1656,09:39:18,12.52,200,18400,200,S,1653,12.51,1656,12.52
1657,09:39:18,12.52,1000,18400,1000,S,1653,12.51,1657,12.52
1658,09:39:18,12.52,1000,18400,1000,S,1653,12.51,1658,12.52
1659,09:39:18,12.52,200,18400,200,S,1653,12.51,1659,12.52
1660,09:39:18,12.52,1000,18400,1000,S,1653,12.51,1660,12.52
1661,09:39:18,12.52,6000,18400,6000,S,1653,12.51,1661,12.52
1662,09:39:18,12.52,2300,18400,3000,S,1653,12.51,1662,12.52
1663,09:39:18,12.52,700,1300,3000,S,1663,12.52,1662,12.52
1664,09:39:18,12.52,600,1300,3000,S,1663,12.52,1664,12.52
1665,09:39:18,12.52,2400,7800,3000,S,1665,12.51,1664,12.52
1666,09:39:18,12.52,2000,7800,2000,S,1665,12.51,1666,12.52
1667,09:39:18,12.52,300,7800,300,S,1665,12.51,1667,12.52
1668,09:39:18,12.52,2200,7800,2200,S,1665,12.51,1668,12.52
1669,09:39:18,12.52,700,7800,700,S,1665,12.51,1669,12.52
1670,09:39:18,12.52,200,7800,500,S,1665,12.51,1670,12.52
1671,09:39:18,12.52,300,6700,500,S,1671,12.51,1670,12.52
1672,09:39:18,12.52,1500,6700,1500,S,1671,12.51,1672,12.52
1673,09:39:18,12.52,800,6700,800,S,1671,12.51,1673,12.52
1674,09:39:18,12.52,2000,6700,2000,S,1671,12.51,1674,12.52
1675,09:39:18,12.52,2100,6700,3000,S,1671,12.51,1675,12.52
1676,09:39:19,12.53,800,31900,800,B,1639,12.53,1676,12.54
1677,09:39:19,12.53,2600,31900,2600,B,1639,12.53,1677,12.53
1678,09:39:20,12.52,800,800,3000,S,1678,12.51,1675,12.52
1679,09:39:21,12.52,100,1200,3000,S,1679,12.51,1675,12.52
1680,09:39:21,12.52,1000,1200,1000,S,1679,12.51,1680,12.52
1681,09:39:21,12.52,100,1200,1000,S,1679,12.51,1681,12.52
1682,09:39:21,12.52,900,17800,1000,S,1682,12.51,1681,12.52
1683,09:39:21,12.52,1500,17800,1500,S,1682,12.51,1683,12.52
1684,09:39:21,12.52,100,17800,100,S,1682,12.51,1684,12.52
1685,09:39:21,12.52,500,17800,500,S,1682,12.51,1685,12.52
1686,09:39:21,12.52,1000,17800,1000,S,1682,12.51,1686,12.52
1687,09:39:21,12.52,500,17800,500,S,1682,12.51,1687,12.52
1688,09:39:21,12.52,1600,17800,1600,S,1682,12.51,1688,12.52
1689,09:39:21,12.52,1000,17800,1000,S,1682,12.51,1689,12.52
1690,09:39:21,12.52,2000,17800,2000,S,1682,12.51,1690,12.52
1691,09:39:21,12.52,2000,17800,2000,S,1682,12.51,1691,12.52
1692,09:39:21,12.52,1500,17800,1500,S,1682,12.51,1692,12.52
1693,09:39:21,12.52,900,17800,900,S,1682,12.51,1693,12.52
1694,09:39:21,12.52,4300,17800,16000,S,1682,12.51,1694,12.52
1695,09:39:21,12.52,3300,3300,16000,S,1695,12.52,1694,12.52
1696,09:39:21,12.52,8400,25400,16000,S,1696,12.51,1694,12.52
1697,09:39:21,12.52,600,25400,600,S,1696,12.51,1697,12.52
1698,09:39:21,12.52,500,25400,500,S,1696,12.51,1698,12.52
1699,09:39:21,12.52,800,25400,800,S,1696,12.51,1699,12.52
1700,09:39:21,12.52,500,25400,500,S,1696,12.51,1700,12.52
1701,09:39:21,12.52,500,25400,500,S,1696,12.51,1701,12.52
1702,09:39:21,12.52,300,25400,300,S,1696,12.51,1702,12.52
1703,09:39:21,12.52,2000,25400,2000,S,1696,12.51,1703,12.52
1704,09:39:21,12.52,1600,25400,1600,S,1696,12.51,1704,12.52
1705,09:39:21,12.52,1000,25400,1000,S,1696,12.51,1705,12.52
1706,09:39:21,12.52,1000,25400,1000,S,1696,12.51,1706,12.52
1707,09:39:21,12.52,300,25400,300,S,1696,12.51,1707,12.52
1708,09:39:21,12.52,1700,25400,1700,S,1696,12.51,1708,12.52
1709,09:39:21,12.51,1700,25400,20000,S,1696,12.51,316,12.51
1710,09:39:21,12.51,200,25400,200,S,1696,12.51,1710,12.51
1711,09:39:21,12.51,1000,25400,1000,S,1696,12.51,1711,12.51
1712,09:39:21,12.51,2000,25400,2000,S,1696,12.51,1712,12.51
1713,09:39:21,12.51,100,25400,100,S,1696,12.51,1713,12.51
1714,09:39:21,12.51,1200,25400,33300,S,1696,12.51,1714,12.51
1715,09:39:21,12.51,3000,3000,33300,S,1715,12.5,1714,12.51
1716,09:39:21,12.51,1400,1400,33300,S,1716,12.51,1714,12.51
1717,09:39:21,12.52,400,400,1000,B,1717,12.52,1717,12.54
1718,09:39:21,12.52,600,600,1000,B,1718,12.52,1717,12.54
1719,09:39:21,12.51,4200,4200,33300,S,1719,12.5,1714,12.51
1720,09:39:22,12.52,100,7100,100,S,1720,12.51,1720,12.52
1721,09:39:22,12.51,7000,7100,33300,S,1720,12.51,1714,12.51
1722,09:39:22,12.51,1100,1100,33300,S,1722,12.5,1714,12.51
1723,09:39:24,12.53,600,600,600,S,1723,12.53,1723,12.53
1724,09:39:24,12.53,400,600,400,S,1724,12.53,1724,12.53
1725,09:39:24,12.51,1700,1700,33300,S,1725,12.51,1714,12.51
1726,09:39:24,12.53,200,600,200,B,1724,12.53,1726,12.53
1727,09:39:24,12.53,500,600,500,B,1727,12.53,1727,12.53
1728,09:39:24,12.51,13700,21100,33300,S,1728,12.5,1714,12.51
1729,09:39:24,12.51,1000,21100,1000,S,1728,12.5,1729,12.51
1730,09:39:24,12.51,2000,21100,2000,S,1728,12.5,1730,12.51
1731,09:39:24,12.51,4400,21100,5000,S,1728,12.5,1731,12.51
1732,09:39:24,12.51,600,14800,5000,S,1732,12.5,1731,12.51
1733,09:39:24,12.51,14200,14800,50000,S,1732,12.5,1733,12.51
1734,09:39:24,12.51,8600,8600,50000,S,1734,12.5,1733,12.51
1735,09:39:25,12.53,100,600,600,B,1727,12.53,1735,12.53
1736,09:39:25,12.53,500,11000,600,B,1736,12.53,1735,12.53
1737,09:39:25,12.53,600,11000,600,B,1736,12.53,1737,12.53
1738,09:39:25,12.53,100,11000,100,B,1736,12.53,1738,12.53
1739,09:39:25,12.53,400,11000,400,B,1736,12.53,1739,12.53
1740,09:39:25,12.53,400,11000,400,B,1736,12.53,1740,12.54
1741,09:39:25,12.51,5300,5300,50000,S,1741,12.51,1733,12.51
1742,09:39:26,12.52,700,30000,700,B,1742,12.52,1742,12.52
1743,09:39:26,12.51,600,600,50000,S,1743,12.28,1733,12.51
1744,09:39:26,12.52,600,30000,600,B,1742,12.52,1744,12.53
1745,09:39:27,12.51,3100,3100,50000,S,1745,12.51,1733,12.51
1746,09:39:27,12.51,8100,8100,50000,S,1746,12.51,1733,12.51
1747,09:39:27,12.51,10100,35400,50000,S,1747,12.5,1733,12.51
1748,09:39:27,12.51,2000,35400,2000,S,1747,12.5,1748,12.51
1749,09:39:27,12.51,200,35400,200,S,1747,12.5,1749,12.51
1750,09:39:27,12.51,500,35400,500,S,1747,12.5,1750,12.51
1751,09:39:27,12.51,3000,35400,3000,S,1747,12.5,1751,12.51
1752,09:39:27,12.51,500,35400,500,S,1747,12.5,1752,12.51
1753,09:39:27,12.51,1000,35400,1000,S,1747,12.5,1753,12.51
1754,09:39:27,12.51,7000,35400,7000,S,1747,12.5,1754,12.51
1755,09:39:27,12.51,1000,35400,1000,S,1747,12.5,1755,12.51
1756,09:39:27,12.51,1000,35400,1000,S,1747,12.5,1756,12.51
1757,09:39:27,12.51,9100,35400,10000,S,1747,12.5,1757,12.51
1758,09:39:27,12.51,900,5800,10000,S,1758,12.5,1757,12.51
1759,09:39:27,12.51,1800,5800,1800,S,1758,12.5,1759,12.51
1760,09:39:27,12.51,500,5800,500,S,1758,12.5,1760,12.51
1761,09:39:27,12.51,1000,5800,1000,S,1758,12.5,1761,12.51
1762,09:39:27,12.51,1600,5800,2000,S,1758,12.5,1762,12.51
1763,09:39:27,12.51,200,200,2000,S,1763,12.51,1762,12.51
1764,09:39:27,12.51,200,32500,2000,S,1764,12.5,1762,12.51
1765,09:39:27,12.51,200,32500,200,S,1764,12.5,1765,12.51
1766,09:39:27,12.51,2000,32500,2000,S,1764,12.5,1766,12.51
1767,09:39:27,12.51,500,32500,500,S,1764,12.5,1767,12.51
1768,09:39:27,12.51,200,32500,200,S,1764,12.5,1768,12.51
1769,09:39:27,12.51,500,32500,500,S,1764,12.5,1769,12.51
1770,09:39:27,12.51,500,32500,500,S,1764,12.5,1770,12.51
1771,09:39:27,12.51,5000,32500,5000,S,1764,12.5,1771,12.51
1772,09:39:27,12.51,2500,32500,2500,S,1764,12.5,1772,12.51
1773,09:39:27,12.51,6000,32500,6000,S,1764,12.5,1773,12.51
1774,09:39:27,12.51,600,32500,600,S,1764,12.5,1774,12.51
1775,09:39:27,12.51,1000,32500,1000,S,1764,12.5,1775,12.51
